=LDR  04336 as a2201045 a 4500
=001  012088441
=003  Uk
=005  20191231191019.0
=007  ta
=008  020422d20012012enkmr\p\\\\\\\0\\\a0eng\\
=015  \\$aGBA565805$2bnb
=019  c\$a2612093
=022  0\$a1476-6396$202
=040  \\$aUk$beng$cUk$dUk
=042  \\$aukblsr$aissnuk
=082  04$a338.27285$222
=210  0\$aAsia gas power
=222  \0$aAsia gas & power
=245  00$aAsia gas & power :$banalysis, news, markets and regulation.
=246  3\$aAsia gas and power
=246  17$aArgus Asia gas & power
=260  \\$aLondon :$bArgus Media,$c2001-
=300  \\$av. :$bill., maps ;$c30 cm.
=310  \\$aMonthly
=321  \\$aBiweekly
=336  \\$atext$2rdacontent
=337  \\$aunmediated$2rdamedia
=338  \\$avolume$2rdacarrier
=362  0\$a2001-
=362  1\$aCeased in print in 2012.
=500  \\$aDescription based on: Vol. 5, 8 (27 Apr. 2005).
=540  \\$aBritish Library not licensed to copy$c0$5Uk
=588  \\$aLatest issue consulted: vol. 11, issue 6 (June 2011).
=595  \\$aSEE CARD INDEX.
=650  \0$aGas industry$zAsia$vPeriodicals.
=650  \0$aPetroleum industry and trade$zAsia$vPeriodicals.
=690  7\$aManagement and Business Studies$2blcoll
=710  2\$aArgus Media (Agency)
=776  08$iContinued online:$tAsia gas & power$x2051-0381
=852  41$aBritish Library$bSTI$cRES$3Earlier issues
=852  11$aBritish Library$bSTI$cBIPC$k(P)$h338.27285$m-E(1) Business$3Vol. 1, issue 1 (2001)-vol. 12, issue 3 (2012)***Title now taken as electronic copy
=945  \\$aASIA GAS AND POWER.
=979  \\$aBritish Library$bDSC$j1742.245500N$xNot selected
=ACF  \\$aPrevious Copyright Fee: GBP12.00$c0$e01-apr-2012$fGBP12.00$g0$hC$5Uk
=ACF  \\$aPrevious Copyright Fee: GBP12.00$c0$e01-jan-2012$fGBP12.00$g0$hC$5Uk
=ACF  \\$aPrevious Copyright Fee: GBP10.50$c0$e01-oct-2011$fGBP10.50$g0$hC$5Uk
=ACF  \\$aPrevious copyright fee: GBP10.50$c0$e01-jan-2011$fGBP10.50$g0$hA$5Uk
=ACF  \\$aPrevious copyright fee: GBP9.00$c0$e01-apr-2010$fGBP9.00$g0$hA$5Uk
=ACF  \\$aPrevious copyright fee: GBP6.00$c0$e01-apr-2008$fGBP6.00$g0$hA$5Uk
=ACF  \\$aPrevious copyright fee: GBP5.00$c0$e01-oct-2002$fGBP5.00$g0$hA$5Uk
=ACF  \\$aPrevious Copyright Fee: GBP12.00$c0$e01-jul-2012$fGBP12.00$g0$hC$5Uk
=ACF  \\$aPrevious Copyright Fee: GBP12.00$c0$e01-oct-2012$fGBP12.00$g0$hC$5Uk
=ACF  \\$aPrevious Copyright Fee: GBP12.30$c0$e01-jan-2014$fGBP12.30$g0$hC$5Uk
=ACF  \\$aPrevious Copyright Fee: GBP15.00$c0$e01-jan-2017$fGBP15.00$g0$hC$5Uk
=CAT  \\$aCONV$b00$c20040425$lBLL90$h0850
=CAT  \\$a5110$b40$c20110726$lBLL01$h1217
=CAT  \\$a5110$b40$c20110728$lBLL01$h1036
=CAT  \\$aBATCH-CLA$b00$c20110831$lBLL01$h1752
=CAT  \\$aIPL-CLA$c20110930$lBLL01$h1542
=CAT  \\$aBATCH-CLA$b00$c20111130$lBLL01$h1203
=CAT  \\$aIPL-CLA$c20111230$lBLL01$h1956
=CAT  \\$aBATCH-CLA$b00$c20120229$lBLL01$h1620
=CAT  \\$aIPL-CLA$c20120330$lBLL01$h1429
=CAT  \\$aBATCH-CLA$b00$c20120531$lBLL01$h1707
=CAT  \\$aIPL-CLA$c20120629$lBLL01$h1027
=CAT  \\$aBATCH-CLA$b00$c20120831$lBLL01$h1540
=CAT  \\$aIPL-CLA$c20120930$lBLL01$h2109
=CAT  \\$aBATCH-CLA$b00$c20121109$lBLL01$h1741
=CAT  \\$a3072$b40$c20130205$lBLL01$h1558
=CAT  \\$a3072$b40$c20130207$lBLL01$h1220
=CAT  \\$aWR13.005$c20130323$lBLL01$h1315
=CAT  \\$aBATCH-CLA$b00$c20131129$lBLL01$h1648
=CAT  \\$aIPL-CLA$c20131231$lBLL01$h2258
=CAT  \\$aWR14_140$c20140905$lBLL01$h1757
=CAT  \\$aBATCH-CLA$b00$c20161130$lBLL01$h1635
=CAT  \\$aIPL-CLA$c20161230$lBLL01$h2053
=CAT  \\$aBATCH-CLA$b00$c20171130$lBLL01$h1701
=CAT  \\$aIPL-CLA$c20171231$lBLL01$h1607
=CAT  \\$aBATCH-CLA$b00$c20191129$lBLL01$h1628
=CAT  \\$aIPL-CLA$c20191231$lBLL01$h1910
=CFI  0\$aBritish Library not licensed to copy$c0$e01-jan-2020$hC$iCFP Excluded$5Uk
=CFI  2\$aPrevious Copyright Fee: GBP17.50$c0$e01-jan-2018$fGBP17.50$g0$hC$5Uk
=FIN  \\$aY
=FMT  \\$a  SE
=LAS  \\$aIPL-CLA$b00$c20191231$lBLL01$h1910
=LEO  \\$aMP10.0000078176
=LEO  \\$aMP22.0000068704
=SRC  \\$aDSS01$bbibmp10.200404.2.aa
=SRC  \\$aISN01$bbibmp22.200404.2.aa
=TCO  \\$aCLA$bCLA$c008

