=LDR  01467 as a2200433ui 4500
=001  012748556
=003  Uk
=005  20070716161754.0
=008  780117d19541980xxkmr\p|||a\\||\\\||eng\\
=019  0\$as097867004
=040  \\$aUk$cUk
=084  \\$aTU 85$2blsrissc
=245  00$aPackaging abstracts.
=260  \\$aLeatherhead :$bPira,$c1954-80.
=300  \\$c22 cm.
=310  \\$aMonthly
=336  \\$atext$2rdacontent
=337  \\$aunmediated$2rdamedia
=338  \\$avolume$2rdacarrier
=500  \\$aTo vol. 23, 1966, issued by Patra.
=580  \\$aReplaced by "International packaging abstracts", q.v.
=710  2\$aPira (Association)
=710  2\$aPatra (Organization)
=852  71$aBritish Library$bSTI$k(A)$hTU 85$m-E(3)$2blsrissc$31954-1980; Vol.11-37 ; Deficient: vol.12, 1955
=852  71$aBritish Library$bSTI$2blsrissc$31954-1980; Vol.11-37 ; Deficient: vol.12, 1955
=886  2\$2blmarc$a029$b00$aS164335005
=CAT  \\$aCONV$b00$c20040425$lBLL90$h0851
=CAT  \\$aCONV$b00$c20040502$lBLL01$h1519
=CAT  \\$aglobal_upd$b40$c20060417$lBLL01$h1906
=CAT  \\$a11249$b40$c20070716$lBLL01$h1617
=CAT  \\$a8964$b40$c20090925$lBLL01$h1037
=CAT  \\$aBATCH$b00$c20091211$lBLL01$h0010
=FIN  \\$aY
=FMT  \\$a  SE
=LAS  \\$aBATCH$b00$c20091211$lBLL01$h0010
=LEO  \\$aMP25.0000015786
=SRC  \\$aSRI01$bbibmp25.200404.2.aa
=SSD  \\$aReplaced by "International packaging abstracts", q.v
=TCO  \\$aCLA$bCLA$c008

