=LDR  01487 as a2200457 a 4500
=001  012913068
=003  Uk
=005  20060725110742.0
=007  ta
=008  040510c20069999enkmr\p\\\\\\\0\\\a0eng\\
=FMT  \\$a  SE
=015  \\$aGBA664094$2bnb
=022  0\$a1744-1226$202
=040  \\$aUk$beng$cUk
=042  \\$aukblsr$aissnuk
=082  04$a658.4$222
=222  \0$aExecutive reach
=245  00$aExecutive reach.
=260  \\$aLondon :$bRoxxstreams,$c[2006]-
=300  \\$av. :$bill., col. ports. ;$c28 cm.
=310  \\$aMonthly
=336  \\$atext$2rdacontent
=337  \\$aunmediated$2rdamedia
=338  \\$avolume$2rdacarrier
=362  1\$aBegan in Jan. 2006.
=500  \\$aDescription based on: No. 2 (Feb. 2006)
=650  \0$aBusiness$vPeriodicals.
=650  \0$aIndustrial management$vPeriodicals.
=650  \0$aPublic administration$vPeriodicals.
=690  7\$aManagement and Business Studies$2blcoll
=852  41$aBritish Library$bSTI$cRES$3Earlier issues
=852  11$aBritish Library$bSTI$k(P)$h658.4$m-E(1) Business$3No. 2 (Feb. 2006)-issue 13 (2007)***Last 4 years only
=CAT  \\$a8870$b40$c20040510$lTMP01$h1152
=CAT  \\$aEXLIBRIS$c20040606$lBLL01$h1133
=CAT  \\$a8870$b40$c20040818$lBLL01$h1151
=CAT  \\$a8323$b40$c20060725$lBLL01$h1107
=CAT  \\$aBATCH$b00$c20090611$lBLL01$h1709
=CAT  \\$aWR14_140$c20140905$lBLL01$h1805
=FIN  \\$aY$d20060725
=TCO  \\$aCLA$bCLA$c008
=LAS  \\$aWR14_140$b00$c20140905$lBLL01$h1805

