=LDR  01325 am a2200409 a 4500
=001  012934077
=003  Uk
=005  20060214115856.0
=008  040616s2004\\\\enka\\\\\\\\\\001\0\eng\\
=FMT  \\$a  BK
=015  \\$aGBA490411$2bnb
=016  7\$a012934077$2Uk
=020  \\$c£1650 (spiral)
=040  \\$aUk$beng$cUk
=042  \\$aukblsr
=082  04$a381.1410941$222
=245  00$aDepartment stores 2004 :$ba sector approaching saturation.
=260  \\$aLondon :$bVerdict Research,$c2004.
=300  \\$a93 p. :$bill. ;$c21 x 30 cm.
=336  \\$atext$2rdacontent
=337  \\$aunmediated$2rdamedia
=338  \\$avolume$2rdacarrier
=500  \\$aTitle from cover.
=504  \\$aIncludes index.
=650  \0$aDepartment stores$zGreat Britain.
=650  \0$aMarket surveys$zGreat Britain.
=690  7\$aManagement and Business Studies$2blcoll
=710  2\$aVerdict Research.
=852  71$aBritish Library$bSTI$cRES$k(XB)$hAL 932$2blsrissc
=852  71$aBritish Library$bSTI$cRES$k(XB)$mAL 932$2blsrissc
=CAT  \\$a5703$b40$c20040616$lBLL01$h1224
=CAT  \\$a6916$b40$c20041220$lBLL01$h1441
=CAT  \\$a12327$b40$c20060214$lBLL01$h1158
=CAT  \\$aBATCH$b00$c20090611$lBLL01$h1710
=CAT  \\$aWR16_021$c20160610$lBLL01$h1945
=FIN  \\$aY$d20041220
=LAS  \\$aWR16_021$b00$c20160610$lBLL01$h1945

