=LDR  02054aam a2200589 a 4500
=001  012945922
=003  Uk
=005  20041103084955.0
=008  040321s2003\\\\dcua\\\\\\\\\\001\0\eng\d
=FMT  \\$a  BK
=015  \\$aGBA448593$2bnb
=016  7\$a012945922$2Uk
=019  y\$abA4Y0225
=019  9\$a0883855429
=019  y\$abA4Y0224
=019  9\$a0883855437
=019  y\$abA4Y0223
=019  9\$a0883855445
=020  \\$a0883855429 (v. 1) :$c£23.99
=020  \\$a0883855437 (v. 2) :$c£23.99
=020  \\$a0883855445 (v. 3) :$c£23.99
=035  \\$a(UkOxU)UkOxUb15696991
=040  \\$aUkOxU$dUk
=042  \\$aukscp
=082  0\$a510.2$222
=100  1\$aEves, Howard Whitley,$d1911-
=245  10$aMathematical circles /$cHoward Eves.
=260  \\$aWashington, D.C. :$bMathematical Association of America ;$a[Cambridge :$bCambridge University Press, distributor],$cc2003.
=300  \\$a3 v. :$bill. ;$c24 cm.
=336  \\$atext$2rdacontent
=337  \\$aunmediated$2rdamedia
=338  \\$avolume$2rdacarrier
=490  1\$aSpectrum series
=500  \\$aPreviously published by Prindle, Wever & Schmidt as six separate Mathematical circles books.
=505  0\$av. 1. In mathematical circles, quadrants I, II, III, IV-- v. 2. Mathematical circles revisited, mathematical circles squared -- v. 3. Mathematical circles adieu, Return to mathematical circles.
=500  \\$aIncludes index.
=650  \0$aMathematics$vMiscellanea.
=830  \0$aMAA spectrum.
=852  11$aBritish Library$bSTI$k(B)$h510.2$ivol.3
=852  41$aBritish Library$bHMNTS$ivol. 3
=852  41$aBritish Library$bHMNTS$ivol. 2
=CAT  \\$aBATCH$b00$c20040706$lBLL01$h1450
=CAT  \\$c20040706$lBLL01$h1450
=CAT  \\$a11317$b40$c20041103$lBLL01$h0848
=CAT  \\$a11317$b40$c20041103$lBLL01$h0849
=CAT  \\$aWR16_021$c20160610$lBLL01$h1947
=FIN  \\$aY
=LEO  \\$aMP5.0000314381
=LEO  \\$aMP5.0000314382
=LEO  \\$aMP5.0000314383
=SRC  \\$aBNB03$bbibmp5.200404.2.aa
=LAS  \\$aWR16_021$b00$c20160610$lBLL01$h1947

