=LDR  02870cas a2200709 a 4500
=001  012985475
=003  Uk
=005  20230210010300.0
=007  ta
=008  040907c20049999enkbr\p\\\\\\\0\\\a0eng\\
=FMT  \\$a  SE
=015  \\$aGBA565918$2bnb
=022  0\$a1745-2244$202
=040  \\$aUk$beng$cUk
=042  \\$aukblsr$aissnuk
=082  04$a658.009426752$222
=130  0\$aInside business (Chelmsford edition)
=222  \0$aInside business. Chelmsford
=245  00$aInside business.$pChelmsford.
=246  17$aChelmsford inside business
=250  \\$aChelmsford [ed.]
=260  \\$aChelmsford :$bInside Business,$c[2004]-
=300  \\$av. :$bill. (some col.), col. ports. ;$c30 cm.
=310  \\$aBimonthly
=336  \\$atext$2rdacontent
=337  \\$aunmediated$2rdamedia
=338  \\$avolume$2rdacarrier
=362  1\$aBegan in 2004.
=500  \\$aDescription based on: Vol. 2, issue 1.
=540  \\$aCurrent Copyright Fee: GBP25.00$c0$5Uk
=650  \0$aBusiness enterprises$zEngland$zChelmsford$vPeriodicals.
=650  \0$aBusiness enterprises$zEngland$zEssex$vPeriodicals.
=690  7\$aManagement and Business Studies$2blcoll
=852  41$aBritish Library$bSTI$cRES$3Earlier issues
=852  11$aBritish Library$bSTI$k(P)$h658.009426752$m-E(1) Business$3Volume 2 Issue 1 (2005).***Last 4 years only
=CAT  \\$a11316$b40$c20040907$lBLL01$h1443
=CAT  \\$a8323$b40$c20050804$lBLL01$h0937
=CAT  \\$aBATCH$b00$c20090611$lBLL01$h1712
=CAT  \\$aBATCH-CLA$b00$c20160831$lBLL01$h1649
=CAT  \\$aIPL-CLA$c20160930$lBLL01$h1601
=CAT  \\$aBATCH-CLA$b00$c20161130$lBLL01$h1639
=CAT  \\$aIPL-CLA$c20161230$lBLL01$h2128
=CAT  \\$aBATCH-CLA$b00$c20171130$lBLL01$h1710
=CAT  \\$aIPL-CLA$c20171231$lBLL01$h1634
=CAT  \\$aBATCH-CLA$b00$c20191129$lBLL01$h1628
=CAT  \\$aIPL-CLA$c20191231$lBLL01$h1929
=CAT  \\$aBATCH-CLA$b00$c20201126$lBLL01$h1412
=CAT  \\$aIPL-CLA$c20201231$lBLL01$h2154
=CAT  \\$aBATCH-CLA$b00$c20221130$lBLL01$h1437
=CAT  \\$aIPL-CLA$c20221231$lBLL01$h2059
=CAT  \\$aBATCH-CLA$b00$c20230209$lBLL01$h1524
=CAT  \\$aIPL-CLA$c20230210$lBLL01$h0103
=CFI  0\$aCurrent Copyright Fee: GBP25.00$c0$e09-feb-2023$fGBP25.00$g0$hC$5Uk
=CFI  2\$aBritish Library not licensed to copy$c0$e01-jan-2023$hC$iCFP Excluded$5Uk
=FIN  \\$aY$d20050804
=TCO  \\$aCLA$bCLA$c008
=ACF  \\$aPrevious Copyright Fee: GBP12.30$c0$e01-oct-2016$fGBP12.30$g0$hC$5Uk
=ACF  \\$aPrevious Copyright Fee: GBP15.00$c0$e01-jan-2017$fGBP15.00$g0$hC$5Uk
=ACF  \\$aPrevious Copyright Fee: GBP17.50$c0$e01-jan-2018$fGBP17.50$g0$hC$5Uk
=ACF  \\$aPrevious Copyright Fee: GBP20.00$c0$e01-jan-2020$fGBP20.00$g0$hC$5Uk
=ACF  \\$aPrevious Copyright Fee: GBP22.50$c0$e01-jan-2021$fGBP22.50$g0$hC$5Uk
=LAS  \\$aIPL-CLA$b00$c20230210$lBLL01$h0103

