=LDR  01453 as a2200445 a 4500
=001  013041193
=003  Uk
=005  20060117115604.0
=007  ta
=008  041117d20052005enkqr\p\\\\\\\0\\\a0eng\\
=FMT  \\$a  SE
=015  \\$aGBA613969$2bnb
=022  0\$a1745-753X$202
=040  \\$aUk$beng$cUk
=042  \\$aukblsr$aissnuk
=082  04$a368.9405$222
=222  \0$aEuropean insurance
=245  00$aEuropean insurance.
=260  \\$aBasildon :$bWinchester Group,$c2005.
=300  \\$a1 v. :$bcol. ill., col. ports. ;$c30 cm.
=310  \\$aQuarterly
=336  \\$atext$2rdacontent
=337  \\$aunmediated$2rdamedia
=338  \\$avolume$2rdacarrier
=362  0\$aVol. 1, issue 1 (2005).
=650  \0$aInsurance$zEurope$vPeriodicals.
=690  7\$aManagement and Business Studies$2blcoll
=852  41$aBritish Library$bSTI$cRES$3Earlier issues
=852  11$aBritish Library$bSTI$k(P)$h368.9405$m-E(1) Business$3Volume 1, Issue 1 (2005)***Last 4 years only
=CAT  \\$a8870$b40$c20041117$lBLL01$h1623
=CAT  \\$a8124$b40$c20060117$lBLL01$h1144
=CAT  \\$a8124$b40$c20060117$lBLL01$h1146
=CAT  \\$a8124$b40$c20060117$lBLL01$h1154
=CAT  \\$a8124$b40$c20060117$lBLL01$h1155
=CAT  \\$a8124$b40$c20060117$lBLL01$h1156
=CAT  \\$aBATCH$b00$c20090611$lBLL01$h1714
=CAT  \\$aWR14_140$c20140905$lBLL01$h1806
=FIN  \\$aY$d20060117
=TCO  \\$aCLA$bCLA$c008
=LAS  \\$aWR14_140$b00$c20140905$lBLL01$h1806

