=LDR  01742 as a2200481 a 4500
=001  013054775
=003  Uk
=005  20060216095400.0
=007  ta
=008  041202c200u9999enkuu\p\\\\\\\0\\\a0eng\\
=FMT  \\$a  SE
=015  \\$aGBA583595$2bnb
=022  0\$a1745-9036$202
=040  \\$aUk$beng$cUk
=042  \\$aissnuk$aukblsr
=082  04$a650.13$222
=222  \0$aNetworking success
=245  00$aNetworking success.
=260  \\$aChew Magna :$bSuccess Publishing
=260  3\$aChew Magna :$bTodays Media
=300  \\$av. :$bcol. ill., col. ports. ;$c30 cm.
=336  \\$atext$2rdacontent
=337  \\$aunmediated$2rdamedia
=338  \\$avolume$2rdacarrier
=362  0\$aVol. 2, issue 1-
=500  \\$aLatest issue consulted: Issue 2:8
=650  \0$aBusiness networks$vPeriodicals.
=650  \0$aSuccess in business$vPeriodicals.
=852  41$aBritish Library$bSTI$cRES$3Earlier issues
=852  11$aBritish Library$bSTI$k(P)$h650.13$m-E(1) Business$3Volume 2, Issue 1 [2006], Volume 2, Issue 4 [2006], Volume 2, Issue 8 [2006]-Volume 2, Issue 9 [2006]***Last 4 years
=985  \\$aISSN - numbering begins with vol. 2, issue 1
=985  \\$aISSN - Information from Publisher states Publisher name changed to Todays Media in October 2005
=CAT  \\$a11316$b40$c20041202$lBLL01$h1138
=CAT  \\$a6537$b40$c20051004$lBLL01$h0852
=CAT  \\$a7152$b40$c20060214$lBLL01$h1026
=CAT  \\$a7152$b40$c20060214$lBLL01$h1029
=CAT  \\$a7152$b40$c20060216$lBLL01$h0937
=CAT  \\$a7152$b40$c20060216$lBLL01$h0945
=CAT  \\$a7152$b40$c20060216$lBLL01$h0954
=CAT  \\$aWR14_140$c20140905$lBLL01$h1806
=FIN  \\$aY$d20051004
=TCO  \\$aCLA$bCLA$c008
=LAS  \\$aWR14_140$b00$c20140905$lBLL01$h1806

