=LDR  01521 as a2200445 a 4500
=001  013066773
=003  Uk
=005  20051220092801.0
=007  ta
=008  041217c20059999enkbr\p\\\\\\\0\\\a0eng\\
=FMT  \\$a  SE
=022  0\$a1746-0425$202
=040  \\$aUk$beng$cUk$dUk
=042  \\$aukblsr$aissnuk
=082  04$a658.40909422$222
=222  \0$aFile magazine
=245  00$aFile magazine :$bthe essential business style magazine.
=246  30$aFile
=260  \\$aMaidstone :$bAdlibmedia,$c2005-
=300  \\$av. :$bill. (some col.), col. ports. ;$c30 cm.
=310  \\$aBimonthly
=336  \\$atext$2rdacontent
=337  \\$aunmediated$2rdamedia
=338  \\$avolume$2rdacarrier
=362  0\$aIssue no. 1 (spring 2005)-
=650  \0$aBusinesspeople$xSocial life and customs$vPeriodicals.$zEngland$zKent
=650  \0$aBusiness$vPeriodicals.
=690  7\$aManagement and Business Studies$2blcoll
=852  41$aBritish Library$bSTI$cRES$3Earlier issues
=852  11$aBritish Library$bSTI$k(P)$h658.40909422$m-E(1) Business$3Issue 1 2005 -Issue 2 2005.***Last 4 years only
=CAT  \\$a8870$b40$c20041217$lBLL01$h1347
=CAT  \\$a6971$b40$c20050422$lBLL01$h1431
=CAT  \\$a8323$b40$c20051011$lBLL01$h1415
=CAT  \\$a8323$b40$c20051011$lBLL01$h1416
=CAT  \\$a11315$b40$c20051220$lBLL01$h0928
=CAT  \\$aBATCH$b00$c20090611$lBLL01$h1714
=CAT  \\$aWR14_140$c20140905$lBLL01$h1806
=FIN  \\$aY$d20051011
=TCO  \\$aCLA$bCLA$c008
=LAS  \\$aWR14_140$b00$c20140905$lBLL01$h1806

