=LDR  05769cas a2201189 a 4500
=001  013068734
=003  Uk
=005  20230210010312.0
=007  ta
=008  041221d20052012enkqr\\\\\\\\\0\\\a0eng\\
=FMT  \\$a  SE
=015  \\$aGBA613507$2bnb
=022  0\$a1745-9877$202
=040  \\$aUk$beng$cUk$dUk
=042  \\$aukblsr$aissnuk
=082  04$a658.705$222
=222  \0$aCPO agenda
=245  00$aCPO agenda :$bthe business review for procurement leaders.
=260  \\$aLondon :$bRedactive Pub.,$c2005-2012.
=300  \\$av. :$bcol. ill., col. ports. ;$c28 cm.
=310  \\$aQuarterly
=336  \\$atext$2rdacontent
=337  \\$aunmediated$2rdamedia
=338  \\$avolume$2rdacarrier
=362  0\$aVol. 1, no. 1 (spring 2005)-
=362  1\$aCeased with volume 8, number 3 (sutumn 2012).
=550  \\$a"... published ... in partnership with the Chartered Institute of Purchasing and Supply"--P. 6.
=580  \\$a"... a sister title to Supply management"--P. 6.
=500  \\$aLatest issue consulted: Vol. 1, no. 3 (autumn 2005)
=540  \\$aCurrent Copyright Fee: GBP25.00$c0$5Uk
=650  \0$aPurchasing$vPeriodicals.
=650  \0$aIndustrial procurement$vPeriodicals.
=690  7\$aManagement and Business Studies$2blcoll
=710  2\$aChartered Institute of Purchasing & Supply.
=787  1\$tSupply management$x1362-2021
=852  41$aBritish Library$bSTI$cRES$3Earlier issues
=852  11$aBritish Library$bSTI$k(P)$h658.705$m-E(1) Business$3Vol. 1, no 1 (2005)-v. 8, no. 3 (autumn 2012)
=945  \\$aCPO Agenda
=979  \\$aBritish Library$cDSC$j3486.275993N
=CAT  \\$a9570$b40$c20041221$lBLL01$h1605
=CAT  \\$aIPL-CLA$c20110930$lBLL01$h1549
=CAT  \\$aBATCH-CLA$b00$c20111130$lBLL01$h1205
=CAT  \\$aIPL-CLA$c20111230$lBLL01$h2020
=CAT  \\$aBATCH-CLA$b00$c20120229$lBLL01$h1623
=CAT  \\$aIPL-CLA$c20120330$lBLL01$h1435
=CAT  \\$aBATCH-CLA$b00$c20120531$lBLL01$h1703
=CAT  \\$aIPL-CLA$c20120629$lBLL01$h1034
=CAT  \\$aBATCH-CLA$b00$c20120831$lBLL01$h1540
=CAT  \\$aIPL-CLA$c20120930$lBLL01$h2121
=CAT  \\$aBATCH-CLA$b00$c20121109$lBLL01$h1730
=CAT  \\$aWR12_168$c20121206$lBLL01$h1815
=CAT  \\$a5997$b40$c20130220$lBLL01$h1153
=CAT  \\$aWR14_140$c20140905$lBLL01$h1806
=CAT  \\$aBATCH-CLA$b00$c20150227$lBLL01$h1629
=CAT  \\$aIPL-CLA$c20150331$lBLL01$h1638
=CAT  \\$aBATCH-CLA$b00$c20161130$lBLL01$h1634
=CAT  \\$aIPL-CLA$c20161230$lBLL01$h2134
=CAT  \\$aBATCH-CLA$b00$c20171130$lBLL01$h1708
=CAT  \\$aIPL-CLA$c20171231$lBLL01$h1638
=CAT  \\$aBATCH-CLA$b00$c20191129$lBLL01$h1627
=CAT  \\$aIPL-CLA$c20191231$lBLL01$h1931
=CAT  \\$aBATCH-CLA$b00$c20201126$lBLL01$h1408
=CAT  \\$aIPL-CLA$c20201231$lBLL01$h2157
=CAT  \\$aBATCH-CLA$b00$c20221130$lBLL01$h1420
=CAT  \\$aIPL-CLA$c20221231$lBLL01$h2103
=CAT  \\$aBATCH-CLA$b00$c20230209$lBLL01$h1507
=CAT  \\$aIPL-CLA$c20230210$lBLL01$h0103
=CFI  0\$aCurrent Copyright Fee: GBP25.00$c0$e09-feb-2023$fGBP25.00$g0$hC$5Uk
=CFI  2\$aBritish Library not licensed to copy$c0$e01-jan-2023$hC$iCFP Excluded$5Uk
=FIN  \\$aY$d20060113
=LKR  \\$aPAR$b009084867$lBLL01$r787$mCPO agenda$nSupply management
=TCO  \\$aCLA$bCLA$c008
=ACF  \\$aPrevious Copyright Fee: GBP12.00$c0$e01-apr-2012$fGBP12.00$g0$hC$5Uk
=ACF  \\$aPrevious Copyright Fee: GBP12.00$c0$e01-jan-2012$fGBP12.00$g0$hC$5Uk
=ACF  \\$aPrevious Copyright Fee: GBP10.50$c0$e01-oct-2011$fGBP10.50$g0$hC$5Uk
=ACF  \\$aPrevious Copyright Fee: GBP10.50$c0$e01-jul-2011$fGBP10.50$g0$hC$5Uk
=ACF  \\$aPrevious Copyright Fee: GBP10.50$c0$e01-apr-2011$fGBP10.50$g0$hC$5Uk
=ACF  \\$aPrevious Copyright Fee: GBP10.50$c0$e01-jan-2011$fGBP10.50$g0$hC$5Uk
=ACF  \\$aPrevious Copyright Fee: GBP9.00$c0$e01-oct-2010$fGBP9.00$g0$hC$5Uk
=ACF  \\$aPrevious Copyright Fee: GBP9.00$c0$e01-jul-2010$fGBP9.00$g0$hC$5Uk
=ACF  \\$aPrevious Copyright Fee: GBP9.00$c0$e01-apr-2010$fGBP9.00$g0$hC$5Uk
=ACF  \\$aPrevious Copyright Fee: GBP9.00$c0$e01-Jan-2010$fGBP9.00$g0$hC$5Uk
=ACF  \\$aPrevious Copyright Fee: GBP6.00$c0$e01-oct-2009$fGBP6.00$g0$hC$5Uk
=ACF  \\$aPrevious Copyright Fee: GBP6.00$c0$e01-jul-2009$fGBP6.00$g0$hC$5Uk
=ACF  \\$aPrevious Copyright Fee: GBP6.00$c0$e01-apr-2009$fGBP6.00$g0$hC$5Uk
=ACF  \\$aPrevious Copyright Fee: GBP6.00$c0$e01-jan-2009$fGBP6.00$g0$hC$5Uk
=ACF  \\$aPrevious Copyright Fee: GBP6.00$c0$e01-oct-2008$fGBP6.00$g0$hC$5Uk
=ACF  \\$aPrevious Copyright Fee: GBP6.00$c0$e01-jul-2008$fGBP6.00$g0$hC$5Uk
=ACF  \\$aPrevious Copyright Fee: GBP6.00$c0$e01-apr-2008$fGBP6.00$g0$hC$5Uk
=ACF  \\$aPrevious Copyright Fee: GBP6.00$c0$e01-jan-2008$fGBP6.00$g0$hC$5Uk
=ACF  \\$aPrevious Copyright Fee: GBP5.00$c0$e01-oct-2007$fGBP5.00$g0$hC$5Uk
=ACF  \\$aPrevious Copyright Fee: GBP5.00$c0$e01-jul-2007$fGBP5.00$g0$hC$5Uk
=ACF  \\$aPrevious Copyright Fee: GBP5.00$c0$e01-apr-2007$fGBP5.00$g0$hC$5Uk
=ACF  \\$aPrevious copyright fee: GBP5.00$c0$e31-jul-2006$fGBP5.00$g0$hA$5Uk
=ACF  \\$aPrevious Copyright Fee: GBP12.00$c0$e01-jul-2012$fGBP12.00$g0$hC$5Uk
=ACF  \\$aPrevious Copyright Fee: GBP12.00$c0$e01-oct-2012$fGBP12.00$g0$hC$5Uk
=ACF  \\$aPrevious Copyright Fee: GBP12.30$c0$e01-apr-2015$fGBP12.30$g0$hC$5Uk
=ACF  \\$aPrevious Copyright Fee: GBP15.00$c0$e01-jan-2017$fGBP15.00$g0$hC$5Uk
=ACF  \\$aPrevious Copyright Fee: GBP17.50$c0$e01-jan-2018$fGBP17.50$g0$hC$5Uk
=ACF  \\$aPrevious Copyright Fee: GBP20.00$c0$e01-jan-2020$fGBP20.00$g0$hC$5Uk
=ACF  \\$aPrevious Copyright Fee: GBP22.50$c0$e01-jan-2021$fGBP22.50$g0$hC$5Uk
=LAS  \\$aIPL-CLA$b00$c20230210$lBLL01$h0103

