=LDR  03792cas a2200949 a 4500
=001  013082525
=003  Uk
=005  20221231210433.0
=007  ta
=008  040510d199u200uenkqr\p\\\\\\\0\\\a0eng\\
=FMT  \\$a  SE
=015  \\$aGBA572311$2bnb
=019  c\$a2612472
=022  0\$a0967-4926$202
=040  \\$aUk$beng$cUk$dUk
=042  \\$aukblsr$aissnuk
=082  04$a338.47622334$222
=222  \0$aEcoal
=245  00$aEcoal.
=260  \\$aLondon :$bWorld Coal Institute
=300  \\$av. :$bcol. ill., col. ports. ;$c30 cm.
=310  \\$aQuarterly
=336  \\$atext$2rdacontent
=337  \\$aunmediated$2rdamedia
=338  \\$avolume$2rdacarrier
=500  \\$aBegan in 1992?
=500  \\$aDescription based on: Vol. 53 (Apr. 2005).
=595  \\$aSee also card index.
=540  \\$aCurrent Copyright Fee: GBP25.00$c0$5Uk
=650  \0$aCoal$vPeriodicals.
=650  \0$aFuel$vPeriodicals.
=650  \0$aCoal trade$vPeriodicals.
=650  \0$aFuel trade$vPeriodicals.
=690  7\$aManagement and Business Studies$2blcoll
=710  2\$aWorld Coal Institute.
=776  0\$tEcoal (Online)$x1756-9230
=852  41$aBritish Library$bSTI$cRES$3Earlier issues
=852  11$aBritish Library$bSTI$k(P)$h338.47622334$m-E(1) Business$3Vol. 53 (Apr. 2005)-v. 68 (July 2009)***Last 4 years
=945  \\$aEcoal -London-
=979  \\$aBritish Library$bDSC$j3648.611000N$xDSC Not Selected
=CAT  \\$a10902$b40$c20050114$lBLL01$h1147
=CAT  \\$aBATCH$b00$c20100401$lBLL01$h0556
=CAT  \\$aBATCH$b00$c20100401$lBLL01$h1629
=CAT  \\$aBATCH-UPD$b00$c20101124$lBLL01$h1945
=CAT  \\$aBATCH-UPD$b00$c20101125$lBLL01$h1212
=CAT  \\$aIPL-CLA$c20101231$lBLL01$h1514
=CAT  \\$a7792$b40$c20110516$lBLL01$h1457
=CAT  \\$aWR11_203$c20111204$lBLL01$h1508
=CAT  \\$aIPL-CLA$c20111230$lBLL01$h2020
=CAT  \\$aBATCH-CLA$b00$c20121109$lBLL01$h1730
=CAT  \\$aWR12_168$c20121206$lBLL01$h1836
=CAT  \\$aWR13.005$c20130323$lBLL01$h1234
=CAT  \\$aBATCH-CLA$c20131220$lBLL01$h2031
=CAT  \\$aIPL-CLA$c20131231$lBLL01$h2345
=CAT  \\$aWR14_140$c20140905$lBLL01$h1807
=CAT  \\$aBATCH-CLA$b00$c20161222$lBLL01$h1805
=CAT  \\$aIPL-CLA$c20161230$lBLL01$h2134
=CAT  \\$aBATCH-CLA$b00$c20171222$lBLL01$h2126
=CAT  \\$aIPL-CLA$c20171231$lBLL01$h1638
=CAT  \\$aBATCH-CLA$b00$c20191219$lBLL01$h1732
=CAT  \\$aIPL-CLA$c20191231$lBLL01$h1931
=CAT  \\$aR2001-1524$c20200127$lBLL01$h2008
=CAT  \\$aBATCH-CLA$b00$c20201204$lBLL01$h1533
=CAT  \\$aIPL-CLA$c20201231$lBLL01$h2157
=CAT  \\$aBATCH-CLA$b00$c20221221$lBLL01$h1842
=CAT  \\$aIPL-CLA$c20221231$lBLL01$h2104
=CFI  0\$aCurrent Copyright Fee: GBP25.00$c0$e01-jan-2023$fGBP25.00$g0$hA$5Uk
=CFI  2\$aPrevious Copyright Fee: GBP22.50$c0$e01-jan-2021$fGBP22.50$g0$hA$5Uk
=FIN  \\$aY$d20050824
=LEO  \\$aMP10.0000200030
=SRC  \\$aDSS01$bbibmp10.200404.2.aa
=TCO  \\$aCLA$bCLA$c008
=ACF  \\$aPrevious copyright fee: GBP9.00$c0$e01-apr-2010$fGBP9.00$g0$hA$5Uk
=ACF  \\$aPrevious copyright fee: GBP6.00$c0$e01-apr-2008$fGBP6.00$g0$hA$5Uk
=ACF  \\$aPrevious copyright fee: GBP5.00$c0$e01-oct-2002$fGBP5.00$g0$hA$5Uk
=ACF  \\$aPrevious copyright fee: GBP10.50$c0$e01-jan-2011$fGBP10.50$g0$hA$5Uk
=ACF  \\$aPrevious copyright fee: GBP12.00$c0$e01-jan-2012$fGBP12.00$g0$hA$5Uk
=ACF  \\$aPrevious Copyright Fee: GBP12.30$c0$e01-jan-2014$fGBP12.30$g0$hA$5Uk
=ACF  \\$aPrevious Copyright Fee: GBP15.00$c0$e01-jan-2017$fGBP15.00$g0$hA$5Uk
=ACF  \\$aPrevious Copyright Fee: GBP17.50$c0$e01-jan-2018$fGBP17.50$g0$hA$5Uk
=ACF  \\$aPrevious Copyright Fee: GBP20.00$c0$e01-jan-2020$fGBP20.00$g0$hA$5Uk
=LAS  \\$aIPL-CLA$b00$c20221231$lBLL01$h2104

