=LDR  01540 as a2200457 a 4500
=001  013084481
=003  Uk
=005  20090209114231.0
=007  ta
=008  050118d20042006enkqr\p\\\\\\\0\\\a0eng\\
=FMT  \\$a  SE
=015  \\$aGBA527828$2bnb
=022  0\$a1746-1928$202
=040  \\$aUk$beng$cUk$dUk
=042  \\$aissnuk$aukblsr
=082  04$a381.0899761$222
=222  \4$aThe promota
=245  04$aThe promota.
=260  \\$aLondon :$bThe Promota UK,$c2004-2006.
=300  \\$av. :$bcol. ill., col. ports. ;$c30 cm.
=310  \\$aQuarterly
=336  \\$atext$2rdacontent
=337  \\$aunmediated$2rdamedia
=338  \\$avolume$2rdacarrier
=362  0\$aIssue no. 1-issue no.7 (summer 2006).
=650  \0$aBusiness enterprises, Black$zGreat Britain$vPeriodicals.
=650  \0$aUgandans$zGreat Britain$vPeriodicals.
=690  7\$aManagement and Business Studies$2blcoll
=785  00$tPromota Africa$x2040-168X
=852  11$aBritish Library$bSTI$cBIPC$k(P)$h381.0899761$m-E(1) Business$3Issue 1 2005-Issue 7 2008***Last 4 years
=852  41$aBritish Library$bSTI$cRES$3Earlier issues
=CAT  \\$a11316$b40$c20050118$lBLL01$h1126
=CAT  \\$a11187$b40$c20050404$lBLL01$h1632
=CAT  \\$a11187$b40$c20051220$lBLL01$h1103
=CAT  \\$a5997$b40$c20090209$lBLL01$h1134
=CAT  \\$a5997$b40$c20090209$lBLL01$h1142
=CAT  \\$aBATCH$b00$c20090611$lBLL01$h1715
=CAT  \\$aWR14_140$c20140905$lBLL01$h1807
=FIN  \\$aY$d20050118
=TCO  \\$aCLA$bCLA$c008
=LAS  \\$aWR14_140$b00$c20140905$lBLL01$h1807

