=LDR  02266cam a2200577 a 4500
=001  013106785
=003  Uk
=005  20230215092259.0
=008  041126s2005\\\\xxuabc\\\be\\\001\0\eng\\
=FMT  \\$a  BK
=015  \\$aGBA512128$2bnb
=016  7\$a013106785$2Uk
=020  \\$a1851094113 (set) :$c£126.00
=020  \\$a1851094164 (ebook) :$cNo price
=040  \\$aStDuBDS$beng$cStDuBDS$dUk
=042  \\$aukblsr
=082  04$a303.4821812044$222
=245  00$aFrance and the Americas :$bculture, politics, and history : a multidisciplinary encyclopedia /$cedited by Bill Marshall ; assisted by Cristina Johnston.
=260  \\$aSanta Barbara, Calif. ;$aOxford :$bABC-CLIO,$cc2005.
=300  \\$a3 v. (xvi, 1295 p.) :$bill., maps, ports. ;$c27 cm.
=336  \\$atext$2rdacontent
=337  \\$aunmediated$2rdamedia
=338  \\$avolume$2rdacarrier
=504  \\$aIncludes bibliographical references and index.
=500  \\$aFormerly CIP.$5Uk
=651  \0$aAmerica$xRelations$zFrance$vEncyclopedias.
=651  \0$aFrance$xRelations$zAmerica$vEncyclopedias.
=651  \0$aAmerica$xHistory$vEncyclopedias.
=651  \0$aFrance$xHistory$vEncyclopedias.
=651  \0$aNorth America$xHistory$vEncyclopedias.
=651  \0$aLatin America$xHistory$vEncyclopedias.
=651  \0$aSouth America$xHistory$vEncyclopedias.
=651  \0$aAmerica$xPolitics and government$vEncyclopedias.
=651  \0$aFrance$xPolitics and government$vEncyclopedias.
=690  7\$aSocial Welfare$2blcoll
=700  1\$aMarshall, Bill,$d1957-
=852  41$aBritish Library$bHMNTS$ivol. 3
=852  11$aBritish Library$bHMNTS$cSPHOA$kHLR$h303.482$ivol. 2
=852  11$aBritish Library$bHMNTS$cSPHOA$kHLR$h303.482$ivol. 3
=852  11$aBritish Library$bHMNTS$cSPHOA$kHLR$h303.482$ivol. 1
=CAT  \\$aBATCH$b00$c20050208$lBLL01$h1707
=CAT  \\$c20050208$lBLL01$h1709
=CAT  \\$c20050208$lBLL01$h1722
=CAT  \\$a11317$b40$c20060303$lBLL01$h0940
=CAT  \\$aBATCH$b00$c20110625$lBLL01$h0512
=CAT  \\$aBATCH-SWP4$c20110627$lBLL01$h1554
=CAT  \\$aWR16_021$c20160611$lBLL01$h1943
=CAT  \\$a8250$b40$c20230215$lBLL01$h0922
=CAT  \\$aW2308-1659$c20230923$lBLL01$h0916
=FIN  \\$aY$d20060303
=LAS  \\$aW2308-1659$b00$c20230923$lBLL01$h0916

