=LDR  04077cas a2200913 a 4500
=001  013126384
=003  Uk
=005  20230210010323.0
=007  ta
=008  050303c20059999enkqr\p\\\\\\\0\\\a0eng\\
=FMT  \\$a  SE
=015  \\$aGBA618412$2bnb
=022  0\$a1746-8078$202
=040  \\$aUk$beng$cUk
=042  \\$aukblsr$aissnuk
=082  04$a332.642$222
=130  0\$aInvestment management review (Christchurch, Dorset, England)
=222  \0$aInvestment management review$b(Christchurch)
=245  10$aInvestment management review.
=260  \\$aChristchurch :$bSage & Hermes,$c2005-
=300  \\$av. ;$c30 cm.
=310  \\$aQuarterly
=336  \\$atext$2rdacontent
=337  \\$aunmediated$2rdamedia
=338  \\$avolume$2rdacarrier
=362  0\$aVol. 1, issue 1 (spring 2005)-
=540  \\$aCurrent Copyright Fee: GBP25.00$c0$5Uk
=650  \0$aPortfolio management$vPeriodicals.
=690  7\$aManagement and Business Studies$2blcoll
=852  41$aBritish Library$bSTI$cRES$3Earlier issues
=852  11$aBritish Library$bSTI$k(P)$h332.642$m-E(1) Business$3Vol. 1, issue 1 (spring 2005)-Autumn (2017)***Last 4 years only
=CAT  \\$a11316$b40$c20050303$lBLL01$h1119
=CAT  \\$aIPL-CLA$c20110630$lBLL01$h1544
=CAT  \\$aBATCH-CLA$b00$c20110831$lBLL01$h1755
=CAT  \\$aIPL-CLA$c20110930$lBLL01$h1549
=CAT  \\$aBATCH-CLA$b00$c20111130$lBLL01$h1200
=CAT  \\$aIPL-CLA$c20111230$lBLL01$h2020
=CAT  \\$aBATCH-CLA$b00$c20120229$lBLL01$h1639
=CAT  \\$aIPL-CLA$c20120330$lBLL01$h1436
=CAT  \\$aBATCH-CLA$b00$c20120531$lBLL01$h1722
=CAT  \\$aIPL-CLA$c20120629$lBLL01$h1034
=CAT  \\$aBATCH-CLA$b00$c20120831$lBLL01$h1546
=CAT  \\$aIPL-CLA$c20120930$lBLL01$h2121
=CAT  \\$aBATCH-CLA$b00$c20121109$lBLL01$h1729
=CAT  \\$aBATCH-CLA$b00$c20131129$lBLL01$h1703
=CAT  \\$aIPL-CLA$c20131231$lBLL01$h2347
=CAT  \\$aWR14_140$c20140905$lBLL01$h1807
=CAT  \\$aBATCH-CLA$b00$c20161130$lBLL01$h1646
=CAT  \\$aIPL-CLA$c20161230$lBLL01$h2137
=CAT  \\$aBATCH-CLA$b00$c20171130$lBLL01$h1715
=CAT  \\$aIPL-CLA$c20171231$lBLL01$h1640
=CAT  \\$aBATCH-CLA$b00$c20191129$lBLL01$h1631
=CAT  \\$aIPL-CLA$c20191231$lBLL01$h1932
=CAT  \\$aBATCH-CLA$b00$c20201126$lBLL01$h1421
=CAT  \\$aIPL-CLA$c20201231$lBLL01$h2158
=CAT  \\$aBATCH-CLA$b00$c20221130$lBLL01$h1455
=CAT  \\$aIPL-CLA$c20221231$lBLL01$h2106
=CAT  \\$aBATCH-CLA$b00$c20230209$lBLL01$h1542
=CAT  \\$aIPL-CLA$c20230210$lBLL01$h0103
=CFI  0\$aCurrent Copyright Fee: GBP25.00$c0$e09-feb-2023$fGBP25.00$g0$hC$5Uk
=CFI  2\$aBritish Library not licensed to copy$c0$e01-jan-2023$hC$iCFP Excluded$5Uk
=FIN  \\$aY$d20060131
=TCO  \\$aCLA$bCLA$c008
=ACF  \\$aPrevious Copyright Fee: GBP12.00$c0$e01-apr-2012$fGBP12.00$g0$hC$5Uk
=ACF  \\$aPrevious Copyright Fee: GBP12.00$c0$e01-jan-2012$fGBP12.00$g0$hC$5Uk
=ACF  \\$aPrevious Copyright Fee: GBP10.50$c0$e01-oct-2011$fGBP10.50$g0$hC$5Uk
=ACF  \\$aPrevious Copyright Fee: GBP10.50$c0$e01-jul-2011$fGBP10.50$g0$hC$5Uk
=ACF  \\$aPrevious Copyright Fee: GBP10.50$c0$e01-apr-2011$fGBP10.50$g0$hC$5Uk
=ACF  \\$aPrevious Copyright Fee: GBP10.50$c0$e01-jan-2011$fGBP10.50$g0$hC$5Uk
=ACF  \\$aPrevious Copyright Fee: GBP9.00$c0$e01-oct-2010$fGBP9.00$g0$hC$5Uk
=ACF  \\$aPrevious Copyright Fee: GBP9.00$c0$e01-jul-2010$fGBP9.00$g0$hC$5Uk
=ACF  \\$aPrevious Copyright Fee: GBP12.00$c0$e01-jul-2012$fGBP12.00$g0$hC$5Uk
=ACF  \\$aPrevious Copyright Fee: GBP12.00$c0$e01-oct-2012$fGBP12.00$g0$hC$5Uk
=ACF  \\$aPrevious Copyright Fee: GBP12.30$c0$e01-jan-2014$fGBP12.30$g0$hC$5Uk
=ACF  \\$aPrevious Copyright Fee: GBP15.00$c0$e01-jan-2017$fGBP15.00$g0$hC$5Uk
=ACF  \\$aPrevious Copyright Fee: GBP17.50$c0$e01-jan-2018$fGBP17.50$g0$hC$5Uk
=ACF  \\$aPrevious Copyright Fee: GBP20.00$c0$e01-jan-2020$fGBP20.00$g0$hC$5Uk
=ACF  \\$aPrevious Copyright Fee: GBP22.50$c0$e01-jan-2021$fGBP22.50$g0$hC$5Uk
=LAS  \\$aIPL-CLA$b00$c20230210$lBLL01$h0103

