=LDR  02821cas a2200685 a 4500
=001  013135243
=003  Uk
=005  20230210010324.0
=007  ta
=008  050315c20049999ie\br\p\\\\\\\0\\\a0eng\\
=FMT  \\$a  SE
=015  \\$aGBA600882$2bnb
=022  0\$a1649-5551
=040  \\$aUk$beng$cUk
=042  \\$aukblsr
=082  04$a338.70941838$222
=222  \0$aInside business Dun Laoghaire Rathdown.
=245  00$aInside business.$pDun Laoghaire Rathdown.
=246  30$aDun Laoghaire Rathdown
=246  17$aDun Laoghaire Rathdown inside business
=260  \\$aDublin :$bInside Business,$c2004-
=300  \\$av.$bcol. ill., col. ports. ;$c30 cm.
=310  \\$aBimonthly
=336  \\$atext$2rdacontent
=337  \\$aunmediated$2rdamedia
=338  \\$avolume$2rdacarrier
=362  0\$aVol. 1, issue 1-
=540  \\$aCurrent Copyright Fee: GBP25.00$c0$5Uk
=650  \0$aBusiness enterprises$zIreland$zDún Laoghaire-Rathdown County$vPeriodicals.
=690  7\$aManagement and Business Studies$2blcoll
=852  41$aBritish Library$bSTI$cRES$3Earlier issues
=852  11$aBritish Library$bSTI$cBIPC$k(P)$h338.70941838$m-E(1) Business$3Vol. 1, issue 1 (2004), v. 2, issue 1 (2005)-v. 2, issue 4 (2005)***Last 4 years
=CAT  \\$a8753$b40$c20050315$lBLL01$h1441
=CAT  \\$a6537$b40$c20051129$lBLL01$h1245
=CAT  \\$aBATCH$b00$c20090611$lBLL01$h1717
=CAT  \\$aWR14_140$c20140905$lBLL01$h1807
=CAT  \\$aBATCH-CLA$b00$c20160831$lBLL01$h1650
=CAT  \\$aIPL-CLA$c20160930$lBLL01$h1604
=CAT  \\$aBATCH-CLA$b00$c20161130$lBLL01$h1633
=CAT  \\$aIPL-CLA$c20161230$lBLL01$h2137
=CAT  \\$aBATCH-CLA$b00$c20171130$lBLL01$h1659
=CAT  \\$aIPL-CLA$c20171231$lBLL01$h1640
=CAT  \\$aBATCH-CLA$b00$c20191129$lBLL01$h1620
=CAT  \\$aIPL-CLA$c20191231$lBLL01$h1932
=CAT  \\$aBATCH-CLA$b00$c20201126$lBLL01$h1408
=CAT  \\$aIPL-CLA$c20201231$lBLL01$h2159
=CAT  \\$aBATCH-CLA$b00$c20221130$lBLL01$h1446
=CAT  \\$aIPL-CLA$c20221231$lBLL01$h2106
=CAT  \\$aBATCH-CLA$b00$c20230209$lBLL01$h1533
=CAT  \\$aIPL-CLA$c20230210$lBLL01$h0103
=CFI  0\$aCurrent Copyright Fee: GBP25.00$c0$e09-feb-2023$fGBP25.00$g0$hC$5Uk
=CFI  2\$aBritish Library not licensed to copy$c0$e01-jan-2023$hC$iCFP Excluded$5Uk
=FIN  \\$aY$d20051129
=TCO  \\$aIRL$bICLA$c008
=ACF  \\$aPrevious Copyright Fee: GBP12.30$c0$e01-oct-2016$fGBP12.30$g0$hC$5Uk
=ACF  \\$aPrevious Copyright Fee: GBP15.00$c0$e01-jan-2017$fGBP15.00$g0$hC$5Uk
=ACF  \\$aPrevious Copyright Fee: GBP17.50$c0$e01-jan-2018$fGBP17.50$g0$hC$5Uk
=ACF  \\$aPrevious Copyright Fee: GBP20.00$c0$e01-jan-2020$fGBP20.00$g0$hC$5Uk
=ACF  \\$aPrevious Copyright Fee: GBP22.50$c0$e01-jan-2021$fGBP22.50$g0$hC$5Uk
=LAS  \\$aIPL-CLA$b00$c20230210$lBLL01$h0103

