=LDR  01522 as a2200433 a 4500
=001  013172644
=003  Uk
=005  20080123112052.0
=007  ta
=008  050408c20049999enkqr\p\\\\\\\0\\\a0eng\\
=FMT  \\$a  SE
=015  \\$aGBA530256$2bnb
=022  0\$a1747-0714$z1744-5310$202
=040  \\$aUk$beng$cUk
=042  \\$aukblsr$aissnuk
=082  04$a332.672205$222
=222  \0$aInsurance securitization quarterly
=245  00$aInsurance securitization quarterly :$bISQ : where insurance and the capital markets meet.
=246  3\$aISQ
=260  \\$aLondon :$bReactions,$c2004-
=300  \\$av. :$bcol. ill., ports. (some col.) ;$c30 cm.
=336  \\$atext$2rdacontent
=337  \\$aunmediated$2rdamedia
=338  \\$avolume$2rdacarrier
=362  0\$aVol. 1, issue 1 (2004)-
=650  \0$aInsurance$vPeriodicals.
=650  \0$aAsset-backed financing$vPeriodicals.
=690  7\$aManagement and Business Studies$2blcoll
=852  41$aBritish Library$bSTI$cRES$3Earlier issues
=852  11$aBritish Library$bSTI$cBIPC$k(P)$h332.672205$m-E(1) Business$3Volume 1, Issue 1 (2004)-Volume 2, Issue 1 (2005)***Last 4 years
=CAT  \\$a11187$b40$c20050408$lBLL01$h1104
=CAT  \\$a11187$b40$c20060103$lBLL01$h1430
=CAT  \\$a11187$b40$c20060315$lBLL01$h1147
=CAT  \\$a6537$b40$c20080123$lBLL01$h1120
=CAT  \\$aBATCH$b00$c20090611$lBLL01$h1717
=CAT  \\$aWR14_140$c20140905$lBLL01$h1807
=FIN  \\$aY$d20060103
=TCO  \\$aCLA$bCLA$c008
=LAS  \\$aWR14_140$b00$c20140905$lBLL01$h1807

