=LDR  04995cas a2201045 a 4500
=001  013177595
=003  Uk
=005  20230210010327.0
=007  ta
=008  050415c20059999enkmn\p\\\\\\\0\\\a0eng\\
=FMT  \\$a  SE
=015  \\$aGBA578593$2bnb
=022  0\$a1747-1354$202
=040  \\$aUk$beng$cUk$dUk
=042  \\$aissnuk$aukblsr
=082  04$a381.1$222
=222  \0$aRetail & leisure international
=245  00$aRetail & leisure international :$bRLI.
=246  30$aRLI
=260  \\$aRawtenstall :$bParamount Publications,$c2005-
=300  \\$av. :$bcol. ill., col. ports. ;$c30 cm.
=310  \\$aTen issues a year
=336  \\$atext$2rdacontent
=337  \\$aunmediated$2rdamedia
=338  \\$avolume$2rdacarrier
=362  0\$aIssue 1 (Mar. 2005)-
=540  \\$aCurrent Copyright Fee: GBP25.00$c0$5Uk
=650  \0$aRetail trade$vPeriodicals.
=690  7\$aManagement and Business Studies$2blcoll
=852  41$aBritish Library$bSTI$cRES$3Earlier issues
=852  11$aBritish Library$bSTI$k(P)$h381.1$m-E(1) Business$3Issue 1 (Mar. 2005)-***Last 4 years only.
=CAT  \\$a8870$b40$c20050415$lBLL01$h1505
=CAT  \\$aIPL-CLA$c20110930$lBLL01$h1549
=CAT  \\$aBATCH-CLA$b00$c20111130$lBLL01$h1211
=CAT  \\$aIPL-CLA$c20111230$lBLL01$h2021
=CAT  \\$aBATCH-CLA$b00$c20120229$lBLL01$h1617
=CAT  \\$aIPL-CLA$c20120330$lBLL01$h1436
=CAT  \\$aBATCH-CLA$b00$c20120531$lBLL01$h1659
=CAT  \\$aIPL-CLA$c20120629$lBLL01$h1034
=CAT  \\$aBATCH-CLA$b00$c20120831$lBLL01$h1524
=CAT  \\$aIPL-CLA$c20120930$lBLL01$h2121
=CAT  \\$aBATCH-CLA$b00$c20121109$lBLL01$h1729
=CAT  \\$aBATCH-CLA$b00$c20131129$lBLL01$h1647
=CAT  \\$aIPL-CLA$c20131231$lBLL01$h2349
=CAT  \\$aWR14_140$c20140905$lBLL01$h1807
=CAT  \\$aBATCH-CLA$b00$c20161130$lBLL01$h1645
=CAT  \\$aIPL-CLA$c20161230$lBLL01$h2139
=CAT  \\$aBATCH-CLA$b00$c20171130$lBLL01$h1704
=CAT  \\$aIPL-CLA$c20171231$lBLL01$h1641
=CAT  \\$aBATCH-CLA$b00$c20191129$lBLL01$h1626
=CAT  \\$aIPL-CLA$c20191231$lBLL01$h1932
=CAT  \\$aBATCH-CLA$b00$c20201126$lBLL01$h1417
=CAT  \\$aIPL-CLA$c20201231$lBLL01$h2159
=CAT  \\$aBATCH-CLA$b00$c20221130$lBLL01$h1432
=CAT  \\$aIPL-CLA$c20221231$lBLL01$h2107
=CAT  \\$aBATCH-CLA$b00$c20230209$lBLL01$h1519
=CAT  \\$aIPL-CLA$c20230210$lBLL01$h0103
=CFI  0\$aCurrent Copyright Fee: GBP25.00$c0$e09-feb-2023$fGBP25.00$g0$hC$5Uk
=CFI  2\$aBritish Library not licensed to copy$c0$e01-jan-2023$hC$iCFP Excluded$5Uk
=FIN  \\$aY$d20050415
=TCO  \\$aCLA$bCLA$c008
=ACF  \\$aPrevious Copyright Fee: GBP12.00$c0$e01-apr-2012$fGBP12.00$g0$hC$5Uk
=ACF  \\$aPrevious Copyright Fee: GBP12.00$c0$e01-jan-2012$fGBP12.00$g0$hC$5Uk
=ACF  \\$aPrevious Copyright Fee: GBP10.50$c0$e01-oct-2011$fGBP10.50$g0$hC$5Uk
=ACF  \\$aPrevious Copyright Fee: GBP10.50$c0$e01-jul-2011$fGBP10.50$g0$hC$5Uk
=ACF  \\$aPrevious Copyright Fee: GBP10.50$c0$e01-apr-2011$fGBP10.50$g0$hC$5Uk
=ACF  \\$aPrevious Copyright Fee: GBP10.50$c0$e01-jan-2011$fGBP10.50$g0$hC$5Uk
=ACF  \\$aPrevious Copyright Fee: GBP9.00$c0$e01-oct-2010$fGBP9.00$g0$hC$5Uk
=ACF  \\$aPrevious Copyright Fee: GBP9.00$c0$e01-jul-2010$fGBP9.00$g0$hC$5Uk
=ACF  \\$aPrevious Copyright Fee: GBP9.00$c0$e01-apr-2010$fGBP9.00$g0$hC$5Uk
=ACF  \\$aPrevious Copyright Fee: GBP9.00$c0$e01-Jan-2010$fGBP9.00$g0$hC$5Uk
=ACF  \\$aPrevious Copyright Fee: GBP6.00$c0$e01-oct-2009$fGBP6.00$g0$hC$5Uk
=ACF  \\$aPrevious Copyright Fee: GBP6.00$c0$e01-jul-2009$fGBP6.00$g0$hC$5Uk
=ACF  \\$aPrevious Copyright Fee: GBP6.00$c0$e01-apr-2009$fGBP6.00$g0$hC$5Uk
=ACF  \\$aPrevious Copyright Fee: GBP6.00$c0$e01-jan-2009$fGBP6.00$g0$hC$5Uk
=ACF  \\$aPrevious Copyright Fee: GBP6.00$c0$e01-oct-2008$fGBP6.00$g0$hC$5Uk
=ACF  \\$aPrevious Copyright Fee: GBP6.00$c0$e01-jul-2008$fGBP6.00$g0$hC$5Uk
=ACF  \\$aPrevious Copyright Fee: GBP6.00$c0$e01-apr-2008$fGBP6.00$g0$hC$5Uk
=ACF  \\$aPrevious Copyright Fee: GBP6.00$c0$e01-jan-2008$fGBP6.00$g0$hC$5Uk
=ACF  \\$aPrevious Copyright Fee: GBP5.00$c0$e01-oct-2007$fGBP5.00$g0$hC$5Uk
=ACF  \\$aPrevious Copyright Fee: GBP5.00$c0$e01-jul-2007$fGBP5.00$g0$hC$5Uk
=ACF  \\$aPrevious Copyright Fee: GBP5.00$c0$e01-apr-2007$fGBP5.00$g0$hC$5Uk
=ACF  \\$aPrevious Copyright Fee: GBP12.00$c0$e01-jul-2012$fGBP12.00$g0$hC$5Uk
=ACF  \\$aPrevious Copyright Fee: GBP12.00$c0$e01-oct-2012$fGBP12.00$g0$hC$5Uk
=ACF  \\$aPrevious Copyright Fee: GBP12.30$c0$e01-jan-2014$fGBP12.30$g0$hC$5Uk
=ACF  \\$aPrevious Copyright Fee: GBP15.00$c0$e01-jan-2017$fGBP15.00$g0$hC$5Uk
=ACF  \\$aPrevious Copyright Fee: GBP17.50$c0$e01-jan-2018$fGBP17.50$g0$hC$5Uk
=ACF  \\$aPrevious Copyright Fee: GBP20.00$c0$e01-jan-2020$fGBP20.00$g0$hC$5Uk
=ACF  \\$aPrevious Copyright Fee: GBP22.50$c0$e01-jan-2021$fGBP22.50$g0$hC$5Uk
=LAS  \\$aIPL-CLA$b00$c20230210$lBLL01$h0103

