=LDR  01405 as a2200397 a 4500
=001  013179015
=003  Uk
=005  20050728081505.0
=008  050419c200u9999enkqr\p\\\\\\\0\\\a0eng\\
=FMT  \\$a  SE
=015  \\$aGBA532647$2bnb
=040  \\$aUk$beng$cUk
=042  \\$aukblsr
=082  04$a330.942105$222
=245  00$aCity research focus.
=260  \\$aLondon (PO Box 270, Guildhall, London EC2P 2EJ) :$bCorp. of London.
=300  \\$av. :$bill. (some col.) ;$c30 cm.
=310  \\$aQuarterly
=336  \\$atext$2rdacontent
=337  \\$aunmediated$2rdamedia
=338  \\$avolume$2rdacarrier
=500  \\$aDescription based on: Autumn 2002 issue.
=651  \0$aLondon (England)$xEconomic conditons$vPeriodicals.
=690  7\$aManagement and Business Studies$2blcoll
=710  1\$aCity of London (England).$bCorporation.
=852  41$aBritish Library$bSTI$cRES$3Earlier issues
=852  11$aBritish Library$bSTI$k(P)$h330.942105$m-E(1) Business$3Autumn (2002)-issue 4 (Oct. 2008)***Last 4 years only
=CAT  \\$a11315$b40$c20050419$lBLL01$h1213
=CAT  \\$a11315$b40$c20050728$lBLL01$h0815
=CAT  \\$aBATCH$b00$c20090611$lBLL01$h1718
=CAT  \\$a8964$b40$c20110329$lBLL01$h1450
=CAT  \\$aBATCH-UPD$b40$c20110329$lBLL01$h1551
=CAT  \\$aWR14_140$c20140905$lBLL01$h1807
=FIN  \\$aY$d20050728
=TCO  \\$aCLA$bCLA$c008
=LAS  \\$aWR14_140$b00$c20140905$lBLL01$h1807

