=LDR  02099 am a2200553 a 4500
=001  013181134
=003  Uk
=005  20071022101839.0
=008  050420s2005\\\\enka\\\\\b\\\\001\0\eng\\
=FMT  \\$a  BK
=015  \\$aGBA534781$2bnb
=016  7\$a013181134$2Uk
=020  \\$a0852934319 (set) :$cNo price
=040  \\$aUk$beng$cUk
=042  \\$aukblsr
=082  04$a665.5380287$222
=245  00$aStandard methods for analysis and testing of petroleum and related products and British Standard 2000 parts, 2005 /$ctechnical editor, John Phipps ; editorial team, Erica Sciolti, Abby Razak, Joanna Howard-Buxton.
=260  \\$aLondon :$bEnergy Institute,$c2005.
=300  \\$a2 v. (various pagings) :$bill. ;$c31 cm.
=336  \\$atext$2rdacontent
=337  \\$aunmediated$2rdamedia
=338  \\$avolume$2rdacarrier
=500  \\$aOne CD-ROM in pocket attached to inside back cover of vol. 1.
=504  \\$aIncludes bibliographical references and index.
=505  0\$av. 1. Methods IP 1 to 386 -- v. 2. Methods IP 387 to 529, proposed methods, appendices.
=650  \0$aPetroleum products$xAnalysis.
=650  \0$aPetroleum products$xStandards.
=650  \0$aPetroleum$xTesting.
=650  \0$aPetroleum$xStandards.
=650  \0$aOil inspection.
=700  1\$aPhipps, John,$d1938-
=700  1\$aSciolti, Erica.
=700  1\$aRazak, Abby.
=700  1\$aHoward-Buxton, Joanna.
=710  2\$aEnergy Institute (Great Britain)
=852  11$aBritish Library$bSTI$k(B)$h665.5380287
=852  41$aBritish Library$bSTI$ivol. 2
=852  11$aBritish Library$bSTI$k(TB)$h665.5380287
=CAT  \\$a8479$b40$c20050420$lBLL01$h0838
=CAT  \\$a8479$b40$c20050420$lBLL01$h0839
=CAT  \\$a8479$b40$c20050420$lBLL01$h0847
=CAT  \\$a8479$b40$c20050420$lBLL01$h0850
=CAT  \\$a8479$b40$c20050420$lBLL01$h0852
=CAT  \\$a11250$b40$c20050422$lBLL01$h1023
=CAT  \\$a11250$b40$c20050422$lBLL01$h1036
=CAT  \\$a12179$b40$c20071022$lBLL01$h1018
=CAT  \\$aWR16_021$c20160611$lBLL01$h1955
=FIN  \\$aY$d20050422
=LAS  \\$aWR16_021$b00$c20160611$lBLL01$h1955

