=LDR  01496 as a2200433 a 4500
=001  013181405
=003  Uk
=005  20070503154931.0
=007  ta
=008  050420d20052005enkbr\p\\\\\\\0\\\a0eng\\
=FMT  \\$a  SE
=015  \\$aGBA617876$2bnb
=022  0\$a1747-1249$202
=040  \\$aUk$beng$cUk
=042  \\$aissnuk$aukblsr
=082  04$a338.74213405$222
=222  \0$aInside business. Chelsea
=245  00$aInside business.$pChelsea.
=250  \\$aChelsea [ed.]
=260  \\$aLondon :$bRed Cube Media Group on behalf of Inside Business,$c2005-2005
=300  \\$av. :$bcol. ill., col. ports, ;$c30 cm.
=310  \\$aBimonthly
=336  \\$atext$2rdacontent
=337  \\$aunmediated$2rdamedia
=338  \\$avolume$2rdacarrier
=362  0\$aVol. 1, issue 1 (2005)-v. 1, issue 1 (2005)
=650  \0$aBusiness enterprises$zEngland$zLondon$vPeriodicals.
=651  \0$aChelsea (London, England)$vPeriodicals.
=690  7\$aManagement and Business Studies$2blcoll
=852  41$aBritish Library$bSTI$cRES$3Earlier issues
=852  11$aBritish Library$bSTI$k(P)$h338.74213405$m-E(1) Business$3Volume 1, Issue 1 (2005)***Last 4 years only
=CAT  \\$a8870$b40$c20050420$lBLL01$h1140
=CAT  \\$a8128$b40$c20060125$lBLL01$h1500
=CAT  \\$a10932$b40$c20070503$lBLL01$h1549
=CAT  \\$aBATCH$b00$c20090611$lBLL01$h1718
=CAT  \\$aBATCH-UPD$b00$c20110730$lBLL01$h1944
=FIN  \\$aY$d20060125
=TCO  \\$aCLA$bCLA$c008
=LAS  \\$aBATCH-UPD$b00$c20110730$lBLL01$h1944

