=LDR  01406 as a2200433 a 4500
=001  013182371
=003  Uk
=005  20060519154254.0
=007  ta
=008  050421d200u200uxxkqr\p\\\\\\\0\\\a0eng\\
=FMT  \\$a  SE
=015  \\$aGBA534708$2bnb
=040  \\$aUk$beng$cUk$dUk
=042  \\$aukblsr
=082  04$a381.109405$222
=130  0\$aPlaza (EG Group)
=245  10$aPlaza.
=260  \\$a[Great Britain] :$bEG Group.
=300  \\$a[?] v. :$bcol. ill., col. ports. ;$c29 cm.
=310  \\$aQuarterly
=336  \\$atext$2rdacontent
=337  \\$aunmediated$2rdamedia
=338  \\$avolume$2rdacarrier
=500  \\$aDescription based on: Spring, Mar. 2004 issue.
=650  \0$aCommercial real estate$zEurope$vPeriodicals.
=650  \0$aRetail trade$zEurope$vPeriodicals.
=690  7\$aManagement and Business Studies$2blcoll
=785  00$tEG retail
=852  11$aBritish Library$bSTI$k(P)$h381.109405$m-E(1) Business$3Spring (2004)-summer (2005)
=852  41$aBritish Library$bSTI$cRES$3Earlier issues
=CAT  \\$a11187$b40$c20050421$lBLL01$h1443
=CAT  \\$a11187$b40$c20051205$lBLL01$h1222
=CAT  \\$a11187$b40$c20051205$lBLL01$h1327
=CAT  \\$a11187$b40$c20060519$lBLL01$h1542
=CAT  \\$aBATCH$b00$c20090611$lBLL01$h1718
=CAT  \\$aWR14_140$c20140905$lBLL01$h1807
=FIN  \\$aY$d20051205
=TCO  \\$aCLA$bCLA$c008
=LAS  \\$aWR14_140$b00$c20140905$lBLL01$h1807

