=LDR  01599cam a2200469 a 4500
=001  013186719
=003  Uk
=005  20070703171317.0
=008  040709m20042006coua\\\\\bc\\\001\0\eng\\
=FMT  \\$a  BK
=010  \\$a2004110139
=020  \\$a0967181984 (v. 1)
=020  \\$a0977273555 (v. 2)
=040  \\$aDLC$cDLC$dOCLCQ$dUk
=042  \\$aukblsr
=043  \\$an-us---
=050  00$aML156.2$b.B65 2004
=082  00$a016.780266$222
=100  1\$aBolig, John Richard.
=245  14$aThe Victor Red Seal discography /$cJohn R. Bolig.
=260  \\$aDenver :$bMainspring Press,$cc2004-2006
=300  \\$a2 v. :$bill. ;$c26 cm.
=336  \\$atext$2rdacontent
=337  \\$aunmediated$2rdamedia
=338  \\$avolume$2rdacarrier
=504  \\$aIncludes bibliographical references and indexes.
=505  0\$av. 1. Single-sided series (1903-1925) -- v. 2. Double-sided series to 1930.
=610  20$aVictor Talking Machine Company$vCatalogs.
=650  \0$aSound recordings$zUnited States$vCatalogs.
=650  \0$aMusic$vDiscography.
=852  41$aBritish Library$bHMNTS$ivol. 2
=852  11$aBritish Library$bHMNTS$cSPHOA$kHUS$h780.1660973$mVIC
=CAT  \\$a10958$b40$c20050427$lBLL01$h1141
=CAT  \\$a11317$b40$c20050616$lBLL01$h0920
=CAT  \\$a11070$b40$c20070628$lBLL01$h1149
=CAT  \\$a11070$b40$c20070703$lBLL01$h1713
=CAT  \\$aBATCH-UPD$b40$c20141223$lBLL01$h0423
=CAT  \\$aBATCH-UPD$b40$c20171026$lBLL01$h2040
=CAT  \\$aW2308-1659$c20230923$lBLL01$h0919
=FIN  \\$aY$d20050616
=SID  \\$aZ39$bOCLC
=LAS  \\$aW2308-1659$b00$c20230923$lBLL01$h0919

