=LDR  02912cam a2200733 a 4500
=001  013196200
=003  Uk
=005  20221231210847.0
=008  050511s2005\\\\enka\\\\\b\\\\000\0\eng\\
=FMT  \\$a  BK
=015  \\$aGBA556169$2bnb
=016  7\$a013196200$2Uk
=020  \\$a9290294108 (pbk.) :$cNo price.
=040  \\$aUk$beng$cUk
=082  04$a662.62$222
=100  1\$aWu, Z.$q(Zhangfa)
=245  10$aFundamentals of pulverised coal combustion /$cZhangfa Wu.
=260  \\$aLondon :$bIEA Clean Coal Centre,$c2005.
=300  \\$a36 p. :$bill. ;$c30 cm.
=336  \\$atext$2rdacontent
=337  \\$aunmediated$2rdamedia
=338  \\$avolume$2rdacarrier
=500  \\$aTitle from cover.
=504  \\$aIncludes bibliographical references.
=500  \\$aPublisher's number: CCC/95.
=540  \\$aCurrent Copyright Fee: GBP25.00$c0$5Uk
=650  \0$aCoal, Pulverized$xCombustion.
=650  \0$aCoal$xCombustion$xBy-products$xEnvironmental aspects.
=710  2\$aIEA Coal Research.$bClean Coal Centre.
=852  41$aBritish Library$bDSC$i4362.643770
=852  11$aBritish Library$bSTI$k(B)$h662.62
=BGT  \\$at
=CAT  \\$a9504$b40$c20050511$lBLL01$h1109
=CAT  \\$a11325$b40$c20050613$lBLL01$h1319
=CAT  \\$a11325$b40$c20050613$lBLL01$h1320
=CAT  \\$a5508$b40$c20050704$lBLL01$h1001
=CAT  \\$a10743$b40$c20050707$lBLL01$h1208
=CAT  \\$aBATCH-CLA$b00$c20120928$lBLL01$h1829
=CAT  \\$aBATCH-CLA$b00$c20120930$lBLL01$h1033
=CAT  \\$aBATCH-CLA$b00$c20130508$lBLL01$h0718
=CAT  \\$aBATCH-CLA$c20131220$lBLL01$h2033
=CAT  \\$aIPL-CLA$c20131231$lBLL01$h2350
=CAT  \\$aWR16_021$c20160611$lBLL01$h1958
=CAT  \\$aBATCH-CLA$b00$c20161222$lBLL01$h1806
=CAT  \\$aIPL-CLA$c20161230$lBLL01$h2140
=CAT  \\$aBATCH-CLA$b00$c20171222$lBLL01$h2127
=CAT  \\$aIPL-CLA$c20171231$lBLL01$h1642
=CAT  \\$aBATCH-CLA$b00$c20191219$lBLL01$h1733
=CAT  \\$aIPL-CLA$c20191231$lBLL01$h1933
=CAT  \\$aR2001-1524$c20200127$lBLL01$h2011
=CAT  \\$aBATCH-CLA$b00$c20201204$lBLL01$h1535
=CAT  \\$aIPL-CLA$c20201231$lBLL01$h2200
=CAT  \\$aBATCH-CLA$b00$c20221221$lBLL01$h1843
=CAT  \\$aIPL-CLA$c20221231$lBLL01$h2108
=CFI  0\$aCurrent Copyright Fee: GBP25.00$c0$e01-jan-2023$fGBP25.00$g0$hA$5Uk
=CFI  2\$aPrevious Copyright Fee: GBP22.50$c0$e01-jan-2021$fGBP22.50$g0$hA$5Uk
=FIN  \\$aY$d20050613
=TCO  \\$aCLA$bCLA$c008
=ACF  \\$aPrevious copyright fee: GBP12.00$c0$e01-jan-2012$fGBP12.00$g0$hA$5Uk
=ACF  \\$aPrevious Copyright Fee: GBP12.30$c0$e01-jan-2014$fGBP12.30$g0$hA$5Uk
=ACF  \\$aPrevious Copyright Fee: GBP15.00$c0$e01-jan-2017$fGBP15.00$g0$hA$5Uk
=ACF  \\$aPrevious Copyright Fee: GBP17.50$c0$e01-jan-2018$fGBP17.50$g0$hA$5Uk
=ACF  \\$aPrevious Copyright Fee: GBP20.00$c0$e01-jan-2020$fGBP20.00$g0$hA$5Uk
=LAS  \\$aIPL-CLA$b00$c20221231$lBLL01$h2108

