=LDR  01682 as a2200445 a 4500
=001  013204760
=003  Uk
=005  20050608085045.0
=007  ta
=008  050524c20039999fr\ar\p\\rs\\\0\\\b0fre\\
=FMT  \\$a  SE
=022  0\$a1766-8018
=040  \\$aUk$beng$cUk
=042  \\$aukblsr
=082  04$a338.7402544$222
=222  \0$aAnnuaire des societes
=245  00$aAnnuaire des societes.
=260  \\$aIssy-les-Moulineaux :$bInfoliens,$c2003-
=300  \\$av. ;$c30 cm.
=336  \\$atext$2rdacontent
=337  \\$aunmediated$2rdamedia
=338  \\$avolume$2rdacarrier
=362  0\$a2003-
=650  \0$aBusiness enterprises$zFrance$vDirectories.
=650  \0$aBusiness enterprises$zFrance$xFinance$vStatistics$vPeriodicals.
=690  7\$aManagement and Business Studies$2blcoll
=710  2\$aInfoliens (Firm)
=780  00$tDAFSA des sociétés$x1621-5885
=852  11$aBritish Library$bSTI$k(B) DIR$mBusiness$g338.7402544$32003-2004***Current issue***accompanying CD-ROM at (TB) DIR 338.7402544 Business
=852  71$aBritish Library$bSTI$cRES$k(XP)$hAA 654$m(FRA) -F(5)$2blsrissc$3Earlier issues
=852  11$aBritish Library$bSTI$k(TB) DIR$h338.7402544$mBusiness$3Accompanying CD-ROM at (TB) DIR 338.7402544 Business
=CAT  \\$a8124$b40$c20050524$lBLL01$h1404
=CAT  \\$a8124$b40$c20050524$lBLL01$h1421
=CAT  \\$a11244$b40$c20050608$lBLL01$h0850
=CAT  \\$aBATCH$b00$c20090624$lBLL01$h1700
=CAT  \\$aWR14_140$c20140905$lBLL01$h1808
=FIN  \\$aY$d20050524
=LKR  \\$aPAR$b012448394$lBLL01$r78000$mAnnuaire des societes.$nAnnuaire DAFSA des sociétés
=TCO  \\$aFRA$bCFC$c008
=LAS  \\$aWR14_140$b00$c20140905$lBLL01$h1808

