=LDR  01700 as a2200469 a 4500
=001  013212605
=003  Uk
=005  20101210091249.0
=007  ta
=008  050602d2005200uenkqr\p\\\\\\\0\\\a0eng\\
=FMT  \\$a  SE
=015  \\$aGBA611191$2bnb
=022  0\$a1747-7794$202
=040  \\$aUk$beng$cUk
=042  \\$aukblsr$aissnuk
=082  04$a346.42064$222
=222  \0$aCommunity interest$b(Print)
=245  00$aCommunity interest :$bcompanies for social enterprise.
=260  \\$aLondon :$bPlaza Publishing,$c2005-
=300  \\$av. :$bports. ;$c30 cm.
=310  \\$aQuarterly
=336  \\$atext$2rdacontent
=337  \\$aunmediated$2rdamedia
=338  \\$avolume$2rdacarrier
=362  0\$aIssue 1 (Sept. 2005)-
=650  \0$aBusiness enterprises$zEngland$vPeriodicals.
=650  \0$aSocial responsibility of business$zEngland$vPeriodicals.
=650  \0$aSocial responsibility of business$zWales$vPeriodicals.
=650  \0$aBusiness enterprises$zWales$vPeriodicals.
=776  0\$tCommunity interest$c(Online)$x1747-7808
=852  41$aBritish Library$bSTI$cRES$3Earlier issues
=852  11$aBritish Library$bSTI$k(P)$h346.42064$m-E(1) Business$3Issue 1 (2005)-Issue 2 (2006)***Last 4 years only.
=CAT  \\$a9570$b40$c20050602$lBLL01$h1553
=CAT  \\$a8124$b40$c20060105$lBLL01$h1208
=CAT  \\$a8124$b40$c20060105$lBLL01$h1209
=CAT  \\$a8124$b40$c20060105$lBLL01$h1210
=CAT  \\$a8201$b40$c20101210$lBLL01$h0912
=CAT  \\$aWR14_140$c20140905$lBLL01$h1808
=FIN  \\$aY$d20060105
=LKR  \\$aPAR$b013212608$lBLL01$r776$mCommunity interest (Print)$nCommunity interest (Online)
=TCO  \\$aCLA$bCLA$c008
=LAS  \\$aWR14_140$b00$c20140905$lBLL01$h1808

