=LDR  01706 as a22004817a 4500
=001  013221875
=003  Uk
=005  20061123082624.0
=007  ta
=008  050615d20042005enkfr\p\\\\\\\0\\\a0eng\\
=FMT  \\$a  SE
=022  0\$a1747-9479$202
=040  \\$aUk$beng$cUk$dUk
=042  \\$aissnuk
=082  04$a381.13$222
=222  \0$aFranchiseek international
=245  00$aFranchiseek international :$bthe official magazine for the Franchiseek Global Alliance Network.
=260  \\$aLymington :$bFranchiseek International,$c[2004-2005].
=300  \\$a3 v. ;$c30 cm.
=310  \\$aSemiannual
=336  \\$atext$2rdacontent
=337  \\$aunmediated$2rdamedia
=338  \\$avolume$2rdacarrier
=362  1\$aBegan in 2004 ; ceased with issue 3 (autumn 2005).
=500  \\$aLatest issue consulted: 3 (autumn 2005).
=650  \0$aFranchises (Retail trade)$vPeriodicals.
=690  7\$aManagement and Business Studies$2blcoll
=710  2\$aFranchiseek Global Alliance Network.
=785  00$tFranchise focus$x1750-7464
=852  41$aBritish Library$bSTI$cRES$3Earlier issues
=852  11$aBritish Library$bSTI$k(P)$h381.13$m-E(1) Business$3Issue 3 (autumn 2005) only
=CAT  \\$a9570$b40$c20050615$lBLL01$h1018
=CAT  \\$a6537$b40$c20060303$lBLL01$h0837
=CAT  \\$a8323$b40$c20060324$lBLL01$h1618
=CAT  \\$a5100$b40$c20060328$lBLL01$h1347
=CAT  \\$a10743$b40$c20060406$lBLL01$h1312
=CAT  \\$a6537$b40$c20060818$lBLL01$h1207
=CAT  \\$a6537$b40$c20060818$lBLL01$h1211
=CAT  \\$a11316$b40$c20061123$lBLL01$h0826
=CAT  \\$aBATCH$b00$c20090624$lBLL01$h1701
=FIN  \\$aY$d20060303
=TCO  \\$aCLA$bCLA$c008
=LAS  \\$aBATCH$b00$c20090624$lBLL01$h1701

