=LDR  01480 as a2200397 a 4500
=001  013271246
=003  Uk
=005  20050811073005.0
=007  ta
=008  050811c200u9999enkuu\p\\\\\\\0\\\a0eng\\
=FMT  \\$a  SE
=015  \\$aGBA567955$2bnb
=040  \\$aUk$beng$cUk
=042  \\$aukblsr$aissnuk
=082  04$a338.476479541$222
=245  00$aChain leader UK :$bbusiness insight for pubs, bars & restaurants.
=246  17$aChain leader
=260  \\$aSutton :$bReed Business Information.
=300  \\$av. :$bill. (some col.), col. ports. ;$c28 cm.
=336  \\$atext$2rdacontent
=337  \\$aunmediated$2rdamedia
=338  \\$avolume$2rdacarrier
=500  \\$aDescription based on: May 2005 issue.
=650  \0$aChain restaurants$zGreat Britain$vPeriodicals.
=650  \0$aBars (Drinking establishments)$zGreat Britain$vPeriodicals.
=650  \0$aRestaurant management$zGreat Britain$vPeriodicals.
=650  \0$aBars (Drinking establishments)$zGreat Britain$xManagement$vPeriodicals.
=690  7\$aManagement and Business Studies$2blcoll
=852  41$aBritish Library$bSTI$cRES$3Earlier issues
=852  11$aBritish Library$bSTI$k(P)$h338.476479541$m-E(1) Business$3February (2005)-February/March (2006)***Last 4 years
=CAT  \\$a8323$b40$c20050811$lBLL01$h0730
=CAT  \\$aBATCH$b00$c20090624$lBLL01$h1703
=CAT  \\$aWR14_140$c20140905$lBLL01$h1809
=FIN  \\$aY$d20050811
=TCO  \\$aCLA$bCLA$c008
=LAS  \\$aWR14_140$b00$c20140905$lBLL01$h1809

