=LDR  05826 as a2201189 a 4500
=001  013280207
=003  Uk
=005  20070712075727.0
=008  040610d20042007nyumr1p\\\\\\\0\\\a0eng\c
=FMT  \\$a  SE
=010  \\$a2004215409
=015  \\$aGBA572317$2bnb
=022  0\$a1550-8056
=035  \\$a(OCoLC)ocm55625878
=037  \\$bInvestoraccess, Inc., 1123 Broadway, Ste. 707, New York, NY 10010$c£550.00 per year$c(£775.00 per year with online access)
=040  \\$aNSDP$cNSDP$dDLC$dNSDP$dDLC$dOCoLC$dUk
=042  \\$ansdp$aukblsr
=050  00$aHG4751$b.P75
=082  04$a332.6$222
=222  \0$aPrivate equity manager
=245  00$aPrivate equity manager.
=260  \\$aNew York, NY ; London :$bInvestoraccess,$c2004-2007.
=300  \\$a3 v. :$bill. (some col.) ;$c28 cm.
=310  \\$aMonthly
=336  \\$atext$2rdacontent
=337  \\$aunmediated$2rdamedia
=338  \\$avolume$2rdacarrier
=362  0\$aVol. 1, issue 1 (July 2004)-v. 4, issue 5 (May 2007).
=500  \\$aTitle from cover.
=500  \\$a"The global journal for private equity CFOs and COOs."
=500  \\$aLatest issue consulted: Vol. 2, issue 5 (May 2005).
=540  \\$aBritish Library not licensed to copy$c0$5Uk
=650  \0$aVenture capital$vPeriodicals.
=650  \0$aPrivate equity$vPeriodicals.
=690  7\$aManagement and Business Studies$2blcoll
=770  0\$tPrivate equity manager ... yearbook.
=785  00$tPEI manager
=852  41$aBritish Library$bSTI$cRES$3Earlier issues
=852  11$aBritish Library$bSTI$cBIPC$k(P)$h332.6$m-E(4) Business$3Volume 2, Issue 5 (2005:May)-Volume 4, Issue 5 (2007)***Last 4 years
=CAT  \\$a11187$b40$c20050824$lBLL01$h1124
=CAT  \\$aBATCH-UPD$b00$c20101221$lBLL01$h0849
=CAT  \\$aIPL-CLA$c20101231$lBLL01$h1516
=CAT  \\$aBATCH-CLA$b00$c20110228$lBLL01$h1548
=CAT  \\$aIPL-CLA$c20110331$lBLL01$h1505
=CAT  \\$aBATCH-CLA$b00$c20110531$lBLL01$h1645
=CAT  \\$aIPL-CLA$c20110630$lBLL01$h1545
=CAT  \\$aBATCH-CLA$b00$c20110831$lBLL01$h1814
=CAT  \\$aIPL-CLA$c20110930$lBLL01$h1549
=CAT  \\$aBATCH-CLA$b00$c20111130$lBLL01$h1222
=CAT  \\$aIPL-CLA$c20111230$lBLL01$h2022
=CAT  \\$aBATCH-CLA$b00$c20120229$lBLL01$h1641
=CAT  \\$aIPL-CLA$c20120330$lBLL01$h1436
=CAT  \\$aBATCH-CLA$b00$c20120531$lBLL01$h1715
=CAT  \\$aIPL-CLA$c20120629$lBLL01$h1035
=CAT  \\$aBATCH-CLA$b00$c20120831$lBLL01$h1541
=CAT  \\$aIPL-CLA$c20120930$lBLL01$h2123
=CAT  \\$aBATCH-CLA$b00$c20121109$lBLL01$h1728
=CAT  \\$aBATCH-CLA$b00$c20150227$lBLL01$h1631
=CAT  \\$aIPL-CLA$c20150331$lBLL01$h1641
=CAT  \\$aBATCH-CLA$b00$c20161130$lBLL01$h1647
=CAT  \\$aIPL-CLA$c20161230$lBLL01$h2144
=CAT  \\$aBATCH-CLA$b00$c20171130$lBLL01$h1714
=CAT  \\$aIPL-CLA$c20171231$lBLL01$h1646
=CAT  \\$aBATCH-CLA$b00$c20181130$lBLL01$h1605
=CAT  \\$aIPL-CLA$c20181231$lBLL01$h1542
=CFI  0\$aBritish Library not licensed to copy$c0$e01-jan-2019$hC$iCFP Excluded$5Uk
=CFI  2\$aPrevious Copyright Fee: GBP17.50$c0$e01-jan-2018$fGBP17.50$g0$hC$5Uk
=FIN  \\$aY$d20050912
=SID  \\$aZ39$bLOC
=TCO  \\$aTRS$bCCC$c008
=ACF  \\$aPrevious Copyright Fee: GBP12.00$c0$e01-apr-2012$fGBP12.00$g0$hC$5Uk
=ACF  \\$aPrevious Copyright Fee: GBP12.00$c0$e01-jan-2012$fGBP12.00$g0$hC$5Uk
=ACF  \\$aPrevious Copyright Fee: GBP10.50$c0$e01-oct-2011$fGBP10.50$g0$hC$5Uk
=ACF  \\$aPrevious Copyright Fee: GBP10.50$c0$e01-jul-2011$fGBP10.50$g0$hC$5Uk
=ACF  \\$aPrevious Copyright Fee: GBP10.50$c0$e01-apr-2011$fGBP10.50$g0$hC$5Uk
=ACF  \\$aPrevious Copyright Fee: GBP10.50$c0$e01-jan-2011$fGBP10.50$g0$hC$5Uk
=ACF  \\$aPrevious Copyright Fee: GBP9.00$c0$e01-oct-2010$fGBP9.00$g0$hC$5Uk
=ACF  \\$aPrevious Copyright Fee: GBP9.00$c0$e01-jul-2010$fGBP9.00$g0$hC$5Uk
=ACF  \\$aPrevious Copyright Fee: GBP9.00$c0$e01-apr-2010$fGBP9.00$g0$hC$5Uk
=ACF  \\$aPrevious Copyright Fee: GBP9.00$c0$e01-Jan-2010$fGBP9.00$g0$hC$5Uk
=ACF  \\$aPrevious Copyright Fee: GBP6.00$c0$e01-oct-2009$fGBP6.00$g0$hC$5Uk
=ACF  \\$aPrevious Copyright Fee: GBP6.00$c0$e01-jul-2009$fGBP6.00$g0$hC$5Uk
=ACF  \\$aPrevious Copyright Fee: GBP6.00$c0$e01-apr-2009$fGBP6.00$g0$hC$5Uk
=ACF  \\$aPrevious Copyright Fee: GBP6.00$c0$e01-jan-2009$fGBP6.00$g0$hC$5Uk
=ACF  \\$aPrevious Copyright Fee: GBP6.00$c0$e01-oct-2008$fGBP6.00$g0$hC$5Uk
=ACF  \\$aPrevious Copyright Fee: GBP6.00$c0$e01-jul-2008$fGBP6.00$g0$hC$5Uk
=ACF  \\$aPrevious Copyright Fee: GBP6.00$c0$e01-apr-2008$fGBP6.00$g0$hC$5Uk
=ACF  \\$aPrevious Copyright Fee: GBP6.00$c0$e01-jan-2008$fGBP6.00$g0$hC$5Uk
=ACF  \\$aPrevious Copyright Fee: GBP5.00$c0$e01-oct-2007$fGBP5.00$g0$hC$5Uk
=ACF  \\$aPrevious Copyright Fee: GBP5.00$c0$e01-jul-2007$fGBP5.00$g0$hC$5Uk
=ACF  \\$aPrevious Copyright Fee: GBP2.46$c0$e01-apr-2007$fGBP2.46$g0$hC$5Uk
=ACF  \\$aPrevious Copyright Fee: GBP2.59$c0$e01-jan-2007$fGBP2.59$g0$hC$5Uk
=ACF  \\$aPrevious Copyright Fee: GBP2.59$c0$e01-oct-2006$fGBP2.59$g0$hC$5Uk
=ACF  \\$aPrevious Copyright Fee: GBP2.74$c0$e01-jul-2006$fGBP2.74$g0$hC$5Uk
=ACF  \\$aPrevious Copyright Fee: GBP2.74$c0$e01-apr-2006$fGBP2.74$g0$hC$5Uk
=ACF  \\$aPrevious Copyright Fee: GBP2.67$c0$e01-jan-2006$fGBP2.67$g0$hC$5Uk
=ACF  \\$aPrevious Copyright Fee: GBP2.59$c0$e01-oct-2005$fGBP2.59$g0$hC$5Uk
=ACF  \\$aPrevious Copyright Fee: GBP12.00$c0$e01-jul-2012$fGBP12.00$g0$hC$5Uk
=ACF  \\$aPrevious Copyright Fee: GBP12.00$c0$e01-oct-2012$fGBP12.00$g0$hC$5Uk
=ACF  \\$aPrevious Copyright Fee: GBP12.30$c0$e01-apr-2015$fGBP12.30$g0$hC$5Uk
=ACF  \\$aPrevious Copyright Fee: GBP15.00$c0$e01-jan-2017$fGBP15.00$g0$hC$5Uk
=LAS  \\$aIPL-CLA$b00$c20181231$lBLL01$h1542

