=LDR  04008 as a2200913 a 4500
=001  013280393
=003  Uk
=005  20130220140155.0
=007  ta
=008  050824d2005200uenksr\p\\\\\\\0\\\a0eng\\
=FMT  \\$a  SE
=015  \\$aGBA591545$2bnb
=022  0\$a1748-8281
=040  \\$aUk$beng$cUk
=042  \\$aukblsr
=082  04$a332.72094$222
=222  \0$aProperty finance Europe$b(Print)
=245  00$aProperty finance Europe.
=246  30$aPFE
=260  \\$aHertford :$bRose Advisory,$c[2005]-
=300  \\$av. ;$c30 cm.
=310  \\$aSemimonthly
=336  \\$atext$2rdacontent
=337  \\$aunmediated$2rdamedia
=338  \\$avolume$2rdacarrier
=362  1\$aBegan in 2005; ceased in 2008?
=500  \\$aDescription based on: Vol.1, issue 4 (23 May 2005)
=540  \\$aCurrent Copyright Fee: GBP12.30$c0$5Uk
=650  \0$aReal property and taxation$zEurope$vPeriodicals.
=650  \0$aReal property$zEurope$xFinance$vPeriodicals.
=690  7\$aManagement and Business Studies$2blcoll
=776  0\$tProperty finance Europe$c(Online)$x1748-829X
=770  0\$tProperty investor Europe
=852  41$aBritish Library$bSTI$cRES$3Earlier issues
=852  11$aBritish Library$bSTI$k(P)$h332.72094$m-E(1) Business$3Vol. 1, issue 4 (2005)-v. 4, issue 113 (2008)***Last 4 years only
=985  \\$aResponsibility for ISSN transferred to ISSN Germany from ISSN UK Centre, 24.02.2010
=CAT  \\$a7152$b40$c20050824$lBLL01$h1419
=CAT  \\$aBATCH-UPD$b00$c20100630$lBLL01$h1935
=CAT  \\$aBATCH-UPD$b00$c20100630$lBLL01$h2002
=CAT  \\$aIPL-CLA$c20100630$lBLL01$h2030
=CAT  \\$aBATCH-CLA$b00$c20100831$lBLL01$h1540
=CAT  \\$aIPL-CLA$c20100930$lBLL01$h1528
=CAT  \\$aBATCH-CLA$b00$c20101115$lBLL01$h1616
=CAT  \\$aIPL-CLA$c20101231$lBLL01$h1516
=CAT  \\$aBATCH-CLA$b00$c20110228$lBLL01$h1554
=CAT  \\$aIPL-CLA$c20110331$lBLL01$h1505
=CAT  \\$aBATCH-CLA$b00$c20110531$lBLL01$h1647
=CAT  \\$aIPL-CLA$c20110630$lBLL01$h1545
=CAT  \\$aBATCH-CLA$b00$c20110831$lBLL01$h1804
=CAT  \\$aIPL-CLA$c20110930$lBLL01$h1549
=CAT  \\$aBATCH-CLA$b00$c20111130$lBLL01$h1222
=CAT  \\$aIPL-CLA$c20111230$lBLL01$h2022
=CAT  \\$aBATCH-CLA$b00$c20120229$lBLL01$h1641
=CAT  \\$aIPL-CLA$c20120330$lBLL01$h1436
=CAT  \\$aBATCH-CLA$b00$c20120531$lBLL01$h1700
=CAT  \\$aIPL-CLA$c20120629$lBLL01$h1035
=CAT  \\$aBATCH-CLA$b00$c20120831$lBLL01$h1533
=CAT  \\$aIPL-CLA$c20120930$lBLL01$h2123
=CAT  \\$aBATCH-CLA$b00$c20121109$lBLL01$h1728
=CAT  \\$a7778$b40$c20130220$lBLL01$h1401
=CAT  \\$aBATCH-CLA$b00$c20131129$lBLL01$h1649
=CAT  \\$aIPL-CLA$c20131231$lBLL01$h2353
=CFI  0\$aCurrent Copyright Fee: GBP12.30$c0$e01-jan-2014$fGBP12.30$g0$hC$5Uk
=CFI  2\$aPrevious Copyright Fee: GBP12.00$c0$e01-oct-2012$fGBP12.00$g0$hC$5Uk
=FIN  \\$aY$d20050824
=LKR  \\$aPAR$b013280396$lBLL01$r7760$mProperty finance Europe (Print)$nProperty finance Europe (Online)
=TCO  \\$aCLA$bCLA$c008
=ACF  \\$aPrevious Copyright Fee: GBP12.00$c0$e01-apr-2012$fGBP12.00$g0$hC$5Uk
=ACF  \\$aPrevious Copyright Fee: GBP12.00$c0$e01-jan-2012$fGBP12.00$g0$hC$5Uk
=ACF  \\$aPrevious Copyright Fee: GBP10.50$c0$e01-oct-2011$fGBP10.50$g0$hC$5Uk
=ACF  \\$aPrevious Copyright Fee: GBP10.50$c0$e01-jul-2011$fGBP10.50$g0$hC$5Uk
=ACF  \\$aPrevious Copyright Fee: GBP10.50$c0$e01-apr-2011$fGBP10.50$g0$hC$5Uk
=ACF  \\$aPrevious Copyright Fee: GBP10.50$c0$e01-jan-2011$fGBP10.50$g0$hC$5Uk
=ACF  \\$aPrevious Copyright Fee: GBP9.00$c0$e01-oct-2010$fGBP9.00$g0$hC$5Uk
=ACF  \\$aPrevious Copyright Fee: GBP9.00$c0$e01-jul-2010$fGBP9.00$g0$hC$5Uk
=ACF  \\$aPrevious Copyright Fee: GBP9.00$c0$e01-apr-2010$fGBP9.00$g0$hC$5Uk
=ACF  \\$aPrevious Copyright Fee: GBP9.00$c0$e01-Jan-2010$fGBP9.00$g0$hC$5Uk
=ACF  \\$aPrevious Copyright Fee: GBP12.00$c0$e01-jul-2012$fGBP12.00$g0$hC$5Uk
=LAS  \\$aIPL-CLA$b00$c20131231$lBLL01$h2353

