=LDR  01420 as a2200433 a 4500
=001  013284135
=003  Uk
=005  20170228075519.0
=007  ta
=008  050831d20052006enkfr\\\\\\\\\0\\\a0eng\\
=FMT  \\$a  SE
=015  \\$aGBA607780$2bnb
=022  0\$a1748-9172$202
=040  \\$aUk$beng$cUk$dUk
=042  \\$aukblsr$aissnuk
=082  04$a381.1094$222
=222  \0$aEuropean retail finance
=245  00$aEuropean retail finance.
=260  \\$aLondon :$bSPG Media,$c2005-2006.
=300  \\$av. :$bill. (chiefly col.) ;$c30 cm.
=310  \\$aTwo issues yearly
=336  \\$atext$2rdacontent
=337  \\$aunmediated$2rdamedia
=338  \\$avolume$2rdacarrier
=362  0\$aIssue 1 (Mar. 2005)-
=650  \0$aRetail trade$zEurope$vPeriodicals.
=690  7\$aManagement and Business Studies$2blcoll
=852  11$aBritish Library$bSTI$k(P)$h381.1094$m-E(1) Business$3Issue 1 (2005)-issue 1 (2006)***Last 4 years only
=852  41$aBritish Library$bSTI$cRES$3Earlier issues
=CAT  \\$a9570$b40$c20050831$lBLL01$h1045
=CAT  \\$a9570$b40$c20050831$lBLL01$h1244
=CAT  \\$a11439$b40$c20051220$lBLL01$h1430
=CAT  \\$aBATCH$b00$c20090624$lBLL01$h1704
=CAT  \\$a7778$b40$c20140114$lBLL01$h1451
=CAT  \\$aWR14_140$c20140905$lBLL01$h1809
=CAT  \\$a7778$b40$c20170228$lBLL01$h0755
=FIN  \\$aY$d20050831
=TCO  \\$aCLA$bCLA$c008
=LAS  \\$a7778$b40$c20170228$lBLL01$h0755

