=LDR  03093cas a2200757 a 4500
=001  013290171
=003  Uk
=005  20230210010403.0
=007  ta
=008  050909c20059999enkbr\p\\\\\\\0\\\a0eng\\
=FMT  \\$a  SE
=015  \\$aGBA576540$2bnb
=022  0\$a2059-9986$202
=040  \\$aUk$beng$cUk$dUk
=042  \\$aukblsr$aissnuk
=082  04$a387.542$222
=222  \0$aCruise trade news
=245  00$aCruise trade news :$bship, port and destination news for agents.
=260  \\$aLondon :$bWebtrafix,$c2005-
=264  21$aTadworth :$bCruiseworthy Media
=264  31$aLondon :$bReal Response Media
=300  \\$av. :$bcol. ill., col. maps, col. ports. ;$c30 - 41 cm.
=310  \\$aBimonthly
=336  \\$atext$2rdacontent
=337  \\$aunmediated$2rdamedia
=338  \\$avolume$2rdacarrier
=362  0\$aIssue 1, v. 1-
=588  \\$aLatest issue consulted: issue 52 (July/August 2015).
=540  \\$aCurrent Copyright Fee: GBP25.00$c0$5Uk
=650  \0$aCruise lines$vPeriodicals.
=650  \0$aOcean travel$vPeriodicals.
=780  00$tCruise & ferry news$x1471-9029
=852  41$aBritish Library$bSTI$cRES$3Earlier issues
=852  11$aBritish Library$bSTI$k(P)$h387.542$m-E(1)$3Vol. 1, Issue 1 (2005)-
=CAT  \\$a8323$b40$c20050909$lBLL01$h1337
=CAT  \\$a5997$b40$c20140901$lBLL01$h1001
=CAT  \\$a5997$b40$c20140902$lBLL01$h1157
=CAT  \\$aWR14_140$c20140905$lBLL01$h1809
=CAT  \\$a11315$b40$c20141126$lBLL01$h1415
=CAT  \\$a10806$b40$c20150928$lBLL01$h1205
=CAT  \\$aBATCH-CLA$b00$c20151127$lBLL01$h1628
=CAT  \\$aIPL-CLA$c20151231$lBLL01$h1922
=CAT  \\$aBATCH-CLA$b00$c20161130$lBLL01$h1629
=CAT  \\$a8483$b40$c20161216$lBLL01$h1155
=CAT  \\$aIPL-CLA$c20161230$lBLL01$h2145
=CAT  \\$aBATCH-CLA$b00$c20171130$lBLL01$h1700
=CAT  \\$aIPL-CLA$c20171231$lBLL01$h1646
=CAT  \\$aBATCH-CLA$b00$c20191129$lBLL01$h1613
=CAT  \\$aIPL-CLA$c20191231$lBLL01$h1935
=CAT  \\$aBATCH-CLA$b00$c20201126$lBLL01$h1408
=CAT  \\$aIPL-CLA$c20201231$lBLL01$h2204
=CAT  \\$aBATCH-CLA$b00$c20221130$lBLL01$h1435
=CAT  \\$aIPL-CLA$c20221231$lBLL01$h2113
=CAT  \\$aBATCH-CLA$b00$c20230209$lBLL01$h1523
=CAT  \\$aIPL-CLA$c20230210$lBLL01$h0104
=CFI  0\$aCurrent Copyright Fee: GBP25.00$c0$e09-feb-2023$fGBP25.00$g0$hC$5Uk
=CFI  2\$aBritish Library not licensed to copy$c0$e01-jan-2023$hC$iCFP Excluded$5Uk
=FIN  \\$aY$d20050909
=LKR  \\$aPAR$b009912645$lBLL01$r78000$mCruise trade news : ship, port and destination news for agents.$nCruise & ferry news
=TCO  \\$aCLA$bCLA$c008
=ACF  \\$aPrevious Copyright Fee: GBP12.30$c0$e01-jan-2016$fGBP12.30$g0$hC$5Uk
=ACF  \\$aPrevious Copyright Fee: GBP15.00$c0$e01-jan-2017$fGBP15.00$g0$hC$5Uk
=ACF  \\$aPrevious Copyright Fee: GBP17.50$c0$e01-jan-2018$fGBP17.50$g0$hC$5Uk
=ACF  \\$aPrevious Copyright Fee: GBP20.00$c0$e01-jan-2020$fGBP20.00$g0$hC$5Uk
=ACF  \\$aPrevious Copyright Fee: GBP22.50$c0$e01-jan-2021$fGBP22.50$g0$hC$5Uk
=LAS  \\$aIPL-CLA$b00$c20230210$lBLL01$h0104

