=LDR  01173 as a2200361 a 4500
=001  013291128
=003  Uk
=005  20050912165439.0
=007  ta
=008  050912c20059999enkuu\p\\\\\\\0\\\a0eng\\
=FMT  \\$a  SE
=015  \\$aGBA576722$2bnb
=022  0\$a1749-1118$202
=040  \\$aUk$beng$cUk
=042  \\$aukblsr$aissnuk
=082  04$a658.4038$222
=222  \0$aIT leadership
=245  00$aIT leadership.
=260  \\$aLondon :$bSPG Media,$c2005-
=300  \\$av. :$bill. (some col.), col. ports. ;$c30 cm.
=336  \\$atext$2rdacontent
=337  \\$aunmediated$2rdamedia
=338  \\$avolume$2rdacarrier
=650  \0$aInformation technology$xManagement$vPeriodicals.
=690  7\$aManagement and Business Studies$2blcoll
=852  41$aBritish Library$bSTI$cRES$3Earlier issues
=852  11$aBritish Library$bSTI$cBIPC$k(P)$h658.4038$m-E(1) Business$3Issue 1(2005)-Issue 3(2006) Deficient Issue 2.***Last 4 years
=CAT  \\$a3072$b40$c20050912$lBLL01$h1654
=CAT  \\$aBATCH$b00$c20090624$lBLL01$h1705
=CAT  \\$aWR14_140$c20140905$lBLL01$h1809
=FIN  \\$aY$d20050912
=TCO  \\$aCLA$bCLA$c008
=LAS  \\$aWR14_140$b00$c20140905$lBLL01$h1809

