=LDR  03241cas a2200757 a 4500
=001  013291727
=003  Uk
=005  20230210010405.0
=007  ta
=008  050913d2005201uenkqr\p\\\\\\\0\\\a0eng\\
=FMT  \\$a  SE
=015  \\$aGBA577135$2bnb
=022  0\$a1749-0189$202
=040  \\$aUk$beng$cUk$dUk
=042  \\$aukblsr$aissnuk
=082  04$a338.476292222095195$222
=222  \0$aSouth Korea autos report
=245  00$aSouth Korea autos report :$bincluding 4-year industry forecasts by BMI.
=260  \\$aLondon :$bBusiness Monitor International,$c[2005]-[2013?]
=300  \\$av. :$bill. ;$c30 cm.
=310  \\$aQuarterly
=336  \\$atext$2rdacontent
=337  \\$aunmediated$2rdamedia
=338  \\$avolume$2rdacarrier
=490  0\$aIndustry report & forecasts series
=500  \\$aDescription based on: 2005/Q2.
=500  \\$aSubtitle varies.
=540  \\$aCurrent Copyright Fee: GBP25.00$c0$5Uk
=650  \0$aAutomobile industry and trade$zSouth Korea$vPeriodicals.
=650  \0$aAutomobile industry and trade$zSouth Korea$xForecasting$vPeriodicals.
=650  \0$aMarket surveys$zSouth Korea$vPeriodicals.
=690  7\$aManagement and Business Studies$2blcoll
=710  2\$aBusiness Monitor International.
=776  08$iContinued online:$tSouth Korea autos report$x2057-7214
=852  41$aBritish Library$bSTI$cRES$3Quarter 2 (2005) only
=852  11$aBritish Library$bSTI$cBIPC$k(P)$h338.47629222209$m-E(1) Business$3Quarter 1 (2006)-quarter 1 (2013)***title now taken as electronic copy only***Stock incomplete
=CAT  \\$a11313$b40$c20050913$lBLL01$h1413
=CAT  \\$aBATCH$b00$c20090624$lBLL01$h1705
=CAT  \\$aBATCH-UPD$b00$c20130318$lBLL01$h2044
=CAT  \\$aBATCH-CLA$b00$c20130830$lBLL01$h1623
=CAT  \\$aIPL-CLA$c20130930$lBLL01$h1745
=CAT  \\$a7778$b40$c20140226$lBLL01$h1340
=CAT  \\$aBATCH-CLA$b00$c20140228$lBLL01$h1611
=CAT  \\$aIPL-CLA$c20140331$lBLL01$h1628
=CAT  \\$aWR14_140$c20140905$lBLL01$h1809
=CAT  \\$a8124$b40$c20150114$lBLL01$h1204
=CAT  \\$aBATCH-CLA$b00$c20190909$lBLL01$h1714
=CAT  \\$aIPL-CLA$c20190930$lBLL01$h1638
=CAT  \\$aBATCH-CLA$b00$c20191129$lBLL01$h1625
=CAT  \\$aIPL-CLA$c20191231$lBLL01$h1935
=CAT  \\$aBATCH-CLA$b00$c20201126$lBLL01$h1358
=CAT  \\$aIPL-CLA$c20201231$lBLL01$h2204
=CAT  \\$aBATCH-CLA$b00$c20221130$lBLL01$h1454
=CAT  \\$aIPL-CLA$c20221231$lBLL01$h2113
=CAT  \\$aBATCH-CLA$b00$c20230209$lBLL01$h1541
=CAT  \\$aIPL-CLA$c20230210$lBLL01$h0104
=CFI  0\$aCurrent Copyright Fee: GBP25.00$c0$e09-feb-2023$fGBP25.00$g0$hC$5Uk
=CFI  2\$aBritish Library not licensed to copy$c0$e01-jan-2023$hC$iCFP Excluded$5Uk
=FIN  \\$aY$d20050913
=TCO  \\$aCLA$bCLA$c008
=ACF  \\$aPrevious Copyright Fee: GBP12.00$c0$e01-oct-2013$fGBP12.00$g0$hC$5Uk
=ACF  \\$aPrevious Copyright Fee: GBP100.00$c0$e01-apr-2014$fGBP100.00$g0$hC$5Uk
=ACF  \\$aPrevious Copyright Fee: GBP17.50$c0$e01-oct-2019$fGBP17.50$g0$hC$5Uk
=ACF  \\$aPrevious Copyright Fee: GBP20.00$c0$e01-jan-2020$fGBP20.00$g0$hC$5Uk
=ACF  \\$aPrevious Copyright Fee: GBP22.50$c0$e01-jan-2021$fGBP22.50$g0$hC$5Uk
=LAS  \\$aIPL-CLA$b00$c20230210$lBLL01$h0104

