=LDR  05280cas a2201117 a 4500
=001  013292981
=003  Uk
=005  20230210010405.0
=007  ta
=008  050914c20059999enkmr\p\\\\\\\0\\\a0eng\\
=FMT  \\$a  SE
=015  \\$aGBA618232$2bnb
=022  0\$a1749-1193$202
=040  \\$aUk$beng$cUk$dUk
=042  \\$aissnuk$aukblsr
=082  04$a658.4505$222
=222  \0$aCorpComms
=245  00$aCorpComms :$bthe magazine for the corporate communicator.
=246  3\$aCorp comms
=260  \\$aLondon :$bCross-Border Pub.,$c[2005]-
=260  3\$aLondon :$bHardy Media
=300  \\$av. :$bcol. ill., col. ports. ;$c27 cm.
=310  \\$aMonthly
=321  \\$aBimonthly
=336  \\$atext$2rdacontent
=337  \\$aunmediated$2rdamedia
=338  \\$avolume$2rdacarrier
=362  1\$aBegan in 2005.
=500  \\$aDescription based on: Issue 2 (Aug./Sept. 2005).
=588  \\$aLatest issue consulted: Issue 75 (Mar. 2013).
=540  \\$aCurrent Copyright Fee: GBP25.00$c0$5Uk
=650  \0$aCommunication in organizations$vPeriodicals.
=650  \0$aCommunication in management$vPeriodicals.
=690  7\$aManagement and Business Studies$2blcoll
=852  41$aBritish Library$bSTI$cRES$3Earlier issues
=852  11$aBritish Library$bSTI$cBIPC$k(P)$h658.4505$m-E(1) Business$3Issue 2 (2005)-issue 125 (2019)***Last 4 years
=CAT  \\$a11313$b40$c20050914$lBLL01$h0920
=CAT  \\$aBATCH-CLA$b00$c20110831$lBLL01$h1757
=CAT  \\$aIPL-CLA$c20110930$lBLL01$h1549
=CAT  \\$aBATCH-CLA$b00$c20111130$lBLL01$h1205
=CAT  \\$aIPL-CLA$c20111230$lBLL01$h2022
=CAT  \\$aBATCH-CLA$b00$c20120229$lBLL01$h1610
=CAT  \\$aIPL-CLA$c20120330$lBLL01$h1436
=CAT  \\$aBATCH-CLA$b00$c20120531$lBLL01$h1709
=CAT  \\$aIPL-CLA$c20120629$lBLL01$h1035
=CAT  \\$aBATCH-CLA$b00$c20120831$lBLL01$h1538
=CAT  \\$aIPL-CLA$c20120930$lBLL01$h2123
=CAT  \\$aBATCH-CLA$b00$c20121109$lBLL01$h1728
=CAT  \\$a11205$b40$c20130409$lBLL01$h0918
=CAT  \\$aWR14_140$c20140905$lBLL01$h1809
=CAT  \\$aBATCH-CLA$b00$c20150227$lBLL01$h1629
=CAT  \\$aIPL-CLA$c20150331$lBLL01$h1641
=CAT  \\$aBATCH-CLA$b00$c20161130$lBLL01$h1644
=CAT  \\$aIPL-CLA$c20161230$lBLL01$h2145
=CAT  \\$aBATCH-CLA$b00$c20171130$lBLL01$h1703
=CAT  \\$aIPL-CLA$c20171231$lBLL01$h1646
=CAT  \\$aBATCH-CLA$b00$c20191129$lBLL01$h1625
=CAT  \\$aIPL-CLA$c20191231$lBLL01$h1935
=CAT  \\$aBATCH-CLA$b00$c20201126$lBLL01$h1417
=CAT  \\$aIPL-CLA$c20201231$lBLL01$h2204
=CAT  \\$aBATCH-CLA$b00$c20221130$lBLL01$h1441
=CAT  \\$aIPL-CLA$c20221231$lBLL01$h2113
=CAT  \\$aBATCH-CLA$b00$c20230209$lBLL01$h1528
=CAT  \\$aIPL-CLA$c20230210$lBLL01$h0104
=CFI  0\$aCurrent Copyright Fee: GBP25.00$c0$e09-feb-2023$fGBP25.00$g0$hC$5Uk
=CFI  2\$aBritish Library not licensed to copy$c0$e01-jan-2023$hC$iCFP Excluded$5Uk
=FIN  \\$aY$d20050914
=TCO  \\$aCLA$bCLA$c008
=ACF  \\$aPrevious Copyright Fee: GBP12.00$c0$e01-apr-2012$fGBP12.00$g0$hC$5Uk
=ACF  \\$aPrevious Copyright Fee: GBP12.00$c0$e01-jan-2012$fGBP12.00$g0$hC$5Uk
=ACF  \\$aPrevious Copyright Fee: GBP10.50$c0$e01-oct-2011$fGBP10.50$g0$hC$5Uk
=ACF  \\$aPrevious Copyright Fee: GBP10.50$c0$e01-jul-2011$fGBP10.50$g0$hC$5Uk
=ACF  \\$aPrevious Copyright Fee: GBP10.50$c0$e01-apr-2011$fGBP10.50$g0$hC$5Uk
=ACF  \\$aPrevious Copyright Fee: GBP10.50$c0$e01-jan-2011$fGBP10.50$g0$hC$5Uk
=ACF  \\$aPrevious Copyright Fee: GBP9.00$c0$e01-oct-2010$fGBP9.00$g0$hC$5Uk
=ACF  \\$aPrevious Copyright Fee: GBP9.00$c0$e01-jul-2010$fGBP9.00$g0$hC$5Uk
=ACF  \\$aPrevious Copyright Fee: GBP9.00$c0$e01-apr-2010$fGBP9.00$g0$hC$5Uk
=ACF  \\$aPrevious Copyright Fee: GBP9.00$c0$e01-Jan-2010$fGBP9.00$g0$hC$5Uk
=ACF  \\$aPrevious Copyright Fee: GBP6.00$c0$e01-oct-2009$fGBP6.00$g0$hC$5Uk
=ACF  \\$aPrevious Copyright Fee: GBP6.00$c0$e01-jul-2009$fGBP6.00$g0$hC$5Uk
=ACF  \\$aPrevious Copyright Fee: GBP6.00$c0$e01-apr-2009$fGBP6.00$g0$hC$5Uk
=ACF  \\$aPrevious Copyright Fee: GBP6.00$c0$e01-jan-2009$fGBP6.00$g0$hC$5Uk
=ACF  \\$aPrevious Copyright Fee: GBP6.00$c0$e01-oct-2008$fGBP6.00$g0$hC$5Uk
=ACF  \\$aPrevious Copyright Fee: GBP6.00$c0$e01-jul-2008$fGBP6.00$g0$hC$5Uk
=ACF  \\$aPrevious Copyright Fee: GBP6.00$c0$e01-apr-2008$fGBP6.00$g0$hC$5Uk
=ACF  \\$aPrevious Copyright Fee: GBP6.00$c0$e01-jan-2008$fGBP6.00$g0$hC$5Uk
=ACF  \\$aPrevious Copyright Fee: GBP5.00$c0$e01-oct-2007$fGBP5.00$g0$hC$5Uk
=ACF  \\$aPrevious Copyright Fee: GBP5.00$c0$e01-jul-2007$fGBP5.00$g0$hC$5Uk
=ACF  \\$aPrevious Copyright Fee: GBP12.00$c0$e01-jul-2012$fGBP12.00$g0$hC$5Uk
=ACF  \\$aPrevious Copyright Fee: GBP12.00$c0$e01-oct-2012$fGBP12.00$g0$hC$5Uk
=ACF  \\$aPrevious Copyright Fee: GBP12.30$c0$e01-apr-2015$fGBP12.30$g0$hC$5Uk
=ACF  \\$aPrevious Copyright Fee: GBP15.00$c0$e01-jan-2017$fGBP15.00$g0$hC$5Uk
=ACF  \\$aPrevious Copyright Fee: GBP17.50$c0$e01-jan-2018$fGBP17.50$g0$hC$5Uk
=ACF  \\$aPrevious Copyright Fee: GBP20.00$c0$e01-jan-2020$fGBP20.00$g0$hC$5Uk
=ACF  \\$aPrevious Copyright Fee: GBP22.50$c0$e01-jan-2021$fGBP22.50$g0$hC$5Uk
=LAS  \\$aIPL-CLA$b00$c20230210$lBLL01$h0104

