=LDR  01213 as a2200373 a 4500
=001  013294265
=003  Uk
=005  20080903120636.0
=007  ta
=008  050916d20052005enkuu\p\\\\\\\0\\\a0eng\\
=FMT  \\$a  SE
=040  \\$aUk$beng$cUk$dUk
=042  \\$aukblsr
=082  04$a370.285$222
=245  00$aInspect.Delcam :$bnews, views and updates from the world of CADCAM.
=260  \\$aBirmingham :$bDelcam,$c2005.
=300  \\$av. :$bcol. ill., col. ports. ;$c30 cm.
=336  \\$atext$2rdacontent
=337  \\$aunmediated$2rdamedia
=338  \\$avolume$2rdacarrier
=362  0\$aIssue 1 (2005).
=650  \0$aCAD/CAM systems$vPeriodicals.
=650  \0$aEngineering inspection$vPeriodicals.
=610  20$aDelcam (Firm)$vPeriodicals.
=710  2\$aDelcam (Firm)
=852  11$aBritish Library$bSTI$k(P)$h370.285$m-E(1)$3Issue 1 (2005)***Last 4 years only
=852  41$aBritish Library$bSTI$cRES$3Earlier issues
=CAT  \\$a11187$b40$c20050916$lBLL01$h1038
=CAT  \\$a11187$b40$c20051109$lBLL01$h1402
=CAT  \\$a11187$b40$c20060816$lBLL01$h1414
=CAT  \\$a11249$b40$c20080903$lBLL01$h1206
=FIN  \\$aY$d20051109
=TCO  \\$aCLA$bCLA$c008
=LAS  \\$a11249$b40$c20080903$lBLL01$h1206

