=LDR  01482 as a2200421 a 4500
=001  013294807
=003  Uk
=005  20090221081506.0
=007  ta
=008  050919d200u200uenkuu\p\\\\\\\0\\\a0eng\\
=FMT  \\$a  SE
=040  \\$aUk$beng$cUk
=042  \\$aukblsr
=082  04$a338.7624183$222
=110  2\$aHanson Building Products.
=245  10$aPartnership news :$bthe newspaper for merchants /$cHanson.
=260  \\$aStewartby :$bHanson Building Products.
=300  \\$av. :$bcol. ill., col. ports. ;$c38 cm.
=336  \\$atext$2rdacontent
=337  \\$aunmediated$2rdamedia
=338  \\$avolume$2rdacarrier
=500  \\$aBegan in 2004?
=500  \\$aDescription based on: Spring/summer 2005 issue.
=610  20$aHanson Building Products$vPeriodicals.
=690  7\$aManagement and Business Studies$2blcoll
=852  11$aBritish Library$bSTI$k(P)$h338.7624183$m-E(1) Business$3Spring/Summer (2005)-Autumn 2006***Last 4 years only
=852  41$aBritish Library$bSTI$cRES$3Earlier issues
=CAT  \\$a11187$b40$c20050919$lBLL01$h1035
=CAT  \\$a11187$b40$c20051109$lBLL01$h1459
=CAT  \\$a11187$b40$c20051109$lBLL01$h1501
=CAT  \\$a10743$b40$c20060130$lBLL01$h1216
=CAT  \\$a11187$b40$c20060816$lBLL01$h1130
=CAT  \\$a7792$b40$c20090217$lBLL01$h1202
=CAT  \\$a7792$b40$c20090221$lBLL01$h0815
=CAT  \\$aBATCH$b00$c20090624$lBLL01$h1705
=FIN  \\$aY$d20051109
=TCO  \\$aCLA$bCLA$c008
=LAS  \\$aBATCH$b00$c20090624$lBLL01$h1705

