=LDR  05916cas a2201261 a 4500
=001  013302917
=003  Uk
=005  20230210010415.0
=007  ta
=008  051027d200520uustkmr\p\\\\\\\0\\\a0eng\d
=FMT  \\$a  SE
=015  \\$aGBA611074$2bnb
=019  c\$a2559595
=022  0\$a1749-3838$202
=040  \\$aUk$beng$cUk$dUk
=042  \\$aissnuk$aukblsr
=082  04$a647.95068$222
=222  \0$aOn-trade Scotland
=245  00$aOn-trade Scotland.
=246  3\$aOn trade Scotland
=246  3\$aScotland on-trade
=246  17$aOTS
=260  \\$a[Glasgow] :$b55 North on behalf of William Reed Pub.,$c2005-
=300  \\$av. :$bill. (some col.), col. ports. ;$c30 cm.
=310  \\$aMonthly
=336  \\$atext$2rdacontent
=337  \\$aunmediated$2rdamedia
=338  \\$avolume$2rdacarrier
=362  0\$aIssue 01 (July 2005)-
=595  \\$aSEE CARD INDEX.
=500  \\$aTitle from cover.
=540  \\$aCurrent Copyright Fee: GBP25.00$c0$5Uk
=650  \0$aBars (Drinking establishments)$zScotland$xManagement$vPeriodicals.
=650  \0$aBars (Drinking establishments)$xLicenses$zScotland$vPeriodicals.
=650  \0$aLicense system$zScotland$vPeriodicals.
=650  \0$aBrewing industry$zScotland$vPeriodicals.
=780  00$tMorning advertiser Scotland
=852  41$aBritish Library$bSTI$cRES$3Earlier issues
=852  11$aBritish Library$bSTI$k(P)$h647.95068$m-E(1) Business$3Issue 1 (July 2005)-issue 51 (Sept. 2009)***Last 4 years only
=945  \\$aON TRADE SCOTLAND
=979  \\$aBritish Library$bDSC$j6256.756700N
=CAT  \\$a11316$b40$c20050928$lBLL01$h1511
=CAT  \\$a8201$b40$c20110908$lBLL01$h0919
=CAT  \\$aIPL-CLA$c20110930$lBLL01$h1550
=CAT  \\$aBATCH-CLA$b00$c20111130$lBLL01$h1212
=CAT  \\$aIPL-CLA$c20111230$lBLL01$h2022
=CAT  \\$aBATCH-CLA$b00$c20120229$lBLL01$h1608
=CAT  \\$aIPL-CLA$c20120330$lBLL01$h1436
=CAT  \\$aBATCH-CLA$b00$c20120531$lBLL01$h1659
=CAT  \\$aIPL-CLA$c20120629$lBLL01$h1035
=CAT  \\$aBATCH-CLA$b00$c20120831$lBLL01$h1525
=CAT  \\$aIPL-CLA$c20120930$lBLL01$h2123
=CAT  \\$aBATCH-CLA$b00$c20121109$lBLL01$h1728
=CAT  \\$aWR13.005$c20130323$lBLL01$h1317
=CAT  \\$aBATCH-CLA$b00$c20131129$lBLL01$h1647
=CAT  \\$aIPL-CLA$c20131231$lBLL01$h2355
=CAT  \\$aWR14_140$c20140905$lBLL01$h1809
=CAT  \\$aBATCH-CLA$b00$c20161130$lBLL01$h1644
=CAT  \\$aIPL-CLA$c20161230$lBLL01$h2146
=CAT  \\$aBATCH-CLA$b00$c20171130$lBLL01$h1657
=CAT  \\$aIPL-CLA$c20171231$lBLL01$h1647
=CAT  \\$aBATCH-CLA$b00$c20191129$lBLL01$h1625
=CAT  \\$aIPL-CLA$c20191231$lBLL01$h1935
=CAT  \\$aBATCH-CLA$b00$c20201126$lBLL01$h1411
=CAT  \\$aIPL-CLA$c20201231$lBLL01$h2204
=CAT  \\$aBATCH-CLA$b00$c20221130$lBLL01$h1441
=CAT  \\$aIPL-CLA$c20221231$lBLL01$h2114
=CAT  \\$aBATCH-CLA$b00$c20230209$lBLL01$h1528
=CAT  \\$aIPL-CLA$c20230210$lBLL01$h0104
=CFI  0\$aCurrent Copyright Fee: GBP25.00$c0$e09-feb-2023$fGBP25.00$g0$hC$5Uk
=CFI  2\$aBritish Library not licensed to copy$c0$e01-jan-2023$hC$iCFP Excluded$5Uk
=FIN  \\$aY$d20050928
=LEO  \\$aMP10.0000421697
=SID  \\$aZ39$bOXFORD
=SRC  \\$aDSS01$bbibmp10.200404.2.aa
=TCO  \\$aCLA$bCLA$c008
=ACF  \\$aPrevious Copyright Fee: GBP12.00$c0$e01-apr-2012$fGBP12.00$g0$hC$5Uk
=ACF  \\$aPrevious Copyright Fee: GBP12.00$c0$e01-jan-2012$fGBP12.00$g0$hC$5Uk
=ACF  \\$aPrevious Copyright Fee: GBP10.50$c0$e01-oct-2011$fGBP10.50$g0$hC$5Uk
=ACF  \\$aPrevious Copyright Fee: GBP10.50$c0$e01-jul-2011$fGBP10.50$g0$hC$5Uk
=ACF  \\$aPrevious Copyright Fee: GBP10.50$c0$e01-apr-2011$fGBP10.50$g0$hC$5Uk
=ACF  \\$aPrevious Copyright Fee: GBP10.50$c0$e01-jan-2011$fGBP10.50$g0$hC$5Uk
=ACF  \\$aPrevious Copyright Fee: GBP9.00$c0$e01-oct-2010$fGBP9.00$g0$hC$5Uk
=ACF  \\$aPrevious Copyright Fee: GBP9.00$c0$e01-jul-2010$fGBP9.00$g0$hC$5Uk
=ACF  \\$aPrevious Copyright Fee: GBP9.00$c0$e01-apr-2010$fGBP9.00$g0$hC$5Uk
=ACF  \\$aPrevious Copyright Fee: GBP9.00$c0$e01-Jan-2010$fGBP9.00$g0$hC$5Uk
=ACF  \\$aPrevious Copyright Fee: GBP6.00$c0$e01-oct-2009$fGBP6.00$g0$hC$5Uk
=ACF  \\$aPrevious Copyright Fee: GBP6.00$c0$e01-jul-2009$fGBP6.00$g0$hC$5Uk
=ACF  \\$aPrevious Copyright Fee: GBP6.00$c0$e01-apr-2009$fGBP6.00$g0$hC$5Uk
=ACF  \\$aPrevious Copyright Fee: GBP6.00$c0$e01-jan-2009$fGBP6.00$g0$hC$5Uk
=ACF  \\$aPrevious Copyright Fee: GBP6.00$c0$e01-oct-2008$fGBP6.00$g0$hC$5Uk
=ACF  \\$aPrevious Copyright Fee: GBP6.00$c0$e01-jul-2008$fGBP6.00$g0$hC$5Uk
=ACF  \\$aPrevious Copyright Fee: GBP6.00$c0$e01-apr-2008$fGBP6.00$g0$hC$5Uk
=ACF  \\$aPrevious Copyright Fee: GBP6.00$c0$e01-jan-2008$fGBP6.00$g0$hC$5Uk
=ACF  \\$aPrevious Copyright Fee: GBP5.00$c0$e01-oct-2007$fGBP5.00$g0$hC$5Uk
=ACF  \\$aPrevious Copyright Fee: GBP5.00$c0$e01-jul-2007$fGBP5.00$g0$hC$5Uk
=ACF  \\$aPrevious Copyright Fee: GBP5.00$c0$e01-apr-2007$fGBP5.00$g0$hC$5Uk
=ACF  \\$aPrevious Copyright Fee: GBP5.00$c0$e01-jan-2007$fGBP5.00$g0$hC$5Uk
=ACF  \\$aPrevious Copyright Fee: GBP5.00$c0$e01-oct-2006$fGBP5.00$g0$hC$5Uk
=ACF  \\$aPrevious copyright fee: GBP5.00$c0$e01-oct-2002$fGBP5.00$g0$hA$5Uk
=ACF  \\$aPrevious Copyright Fee: GBP12.00$c0$e01-jul-2012$fGBP12.00$g0$hC$5Uk
=ACF  \\$aPrevious Copyright Fee: GBP12.00$c0$e01-oct-2012$fGBP12.00$g0$hC$5Uk
=ACF  \\$aPrevious Copyright Fee: GBP12.30$c0$e01-jan-2014$fGBP12.30$g0$hC$5Uk
=ACF  \\$aPrevious Copyright Fee: GBP15.00$c0$e01-jan-2017$fGBP15.00$g0$hC$5Uk
=ACF  \\$aPrevious Copyright Fee: GBP17.50$c0$e01-jan-2018$fGBP17.50$g0$hC$5Uk
=ACF  \\$aPrevious Copyright Fee: GBP20.00$c0$e01-jan-2020$fGBP20.00$g0$hC$5Uk
=ACF  \\$aPrevious Copyright Fee: GBP22.50$c0$e01-jan-2021$fGBP22.50$g0$hC$5Uk
=LAS  \\$aIPL-CLA$b00$c20230210$lBLL01$h0104

