=LDR  04443 as a2200961 a 4500
=001  013307936
=003  Uk
=005  20200331161514.0
=007  ta
=008  051006c20059999enkmr\p\\\\\\\0\\\a0eng\\
=FMT  \\$a  SE
=015  \\$aGBA613931$2bnb
=022  0\$a1749-4850$202
=040  \\$aUk$beng$cUk
=042  \\$aukblsr$aissnuk
=082  04$a338.4700405$222
=222  \0$aComputing business
=245  00$aComputing business.
=260  \\$aLondon :$bVNU Business Publications,$c2005-
=300  \\$av. :$bcol. ill., col. ports. ;$c30 cm.
=310  \\$aMonthly
=336  \\$atext$2rdacontent
=337  \\$aunmediated$2rdamedia
=338  \\$avolume$2rdacarrier
=362  0\$aNov. 2005-
=540  \\$aBritish Library not licensed to copy$c0$5Uk
=650  \0$aComputer industry$vPeriodicals.
=690  7\$aManagement and Business Studies$2blcoll
=852  41$aBritish Library$bSTI$cRES$3Earlier issues
=852  11$aBritish Library$bSTI$cBIPC$k(P)$h338.4700405$m-E(1) Business$3Nov. (2005)-Dec. (2008)***Last 4 years
=CAT  \\$a11316$b40$c20051006$lBLL01$h1226
=CAT  \\$aIPL-CLA$c20110331$lBLL01$h1505
=CAT  \\$aBATCH-CLA$b00$c20110531$lBLL01$h1635
=CAT  \\$aIPL-CLA$c20110630$lBLL01$h1545
=CAT  \\$aBATCH-CLA$b00$c20110831$lBLL01$h1757
=CAT  \\$aIPL-CLA$c20110930$lBLL01$h1550
=CAT  \\$aBATCH-CLA$b00$c20111130$lBLL01$h1206
=CAT  \\$aIPL-CLA$c20111230$lBLL01$h2022
=CAT  \\$aBATCH-CLA$b00$c20120229$lBLL01$h1623
=CAT  \\$aIPL-CLA$c20120330$lBLL01$h1436
=CAT  \\$aBATCH-CLA$b00$c20120531$lBLL01$h1657
=CAT  \\$aIPL-CLA$c20120629$lBLL01$h1035
=CAT  \\$aBATCH-CLA$b00$c20120831$lBLL01$h1524
=CAT  \\$aIPL-CLA$c20120930$lBLL01$h2123
=CAT  \\$aBATCH-CLA$b00$c20121109$lBLL01$h1728
=CAT  \\$aBATCH-CLA$b00$c20131129$lBLL01$h1647
=CAT  \\$aIPL-CLA$c20131231$lBLL01$h2355
=CAT  \\$aWR14_140$c20140905$lBLL01$h1809
=CAT  \\$aBATCH-CLA$b00$c20161130$lBLL01$h1641
=CAT  \\$aIPL-CLA$c20161230$lBLL01$h2146
=CAT  \\$aBATCH-CLA$b00$c20171130$lBLL01$h1712
=CAT  \\$aIPL-CLA$c20171231$lBLL01$h1647
=CAT  \\$aBATCH-CLA$b00$c20191129$lBLL01$h1619
=CAT  \\$aIPL-CLA$c20191231$lBLL01$h1935
=CAT  \\$aBATCH-CLA$b00$c20200228$lBLL01$h1638
=CAT  \\$aIPL-CLA$c20200331$lBLL01$h1615
=CFI  0\$aBritish Library not licensed to copy$c0$e01-apr-2020$hC$iCFP Excluded$5Uk
=CFI  2\$aPrevious Copyright Fee: GBP20.00$c0$e01-jan-2020$fGBP20.00$g0$hC$5Uk
=FIN  \\$aY$d20060117
=TCO  \\$aCLA$bCLA$c008
=ACF  \\$aPrevious Copyright Fee: GBP12.00$c0$e01-apr-2012$fGBP12.00$g0$hC$5Uk
=ACF  \\$aPrevious Copyright Fee: GBP12.00$c0$e01-jan-2012$fGBP12.00$g0$hC$5Uk
=ACF  \\$aPrevious Copyright Fee: GBP10.50$c0$e01-oct-2011$fGBP10.50$g0$hC$5Uk
=ACF  \\$aPrevious Copyright Fee: GBP10.50$c0$e01-jul-2011$fGBP10.50$g0$hC$5Uk
=ACF  \\$aPrevious Copyright Fee: GBP10.50$c0$e01-apr-2011$fGBP10.50$g0$hC$5Uk
=ACF  \\$aPrevious Copyright Fee: GBP10.50$c0$e01-jan-2011$fGBP10.50$g0$hC$5Uk
=ACF  \\$aPrevious Copyright Fee: GBP9.00$c0$e01-oct-2010$fGBP9.00$g0$hC$5Uk
=ACF  \\$aPrevious Copyright Fee: GBP9.00$c0$e01-jul-2010$fGBP9.00$g0$hC$5Uk
=ACF  \\$aPrevious Copyright Fee: GBP9.00$c0$e01-apr-2010$fGBP9.00$g0$hC$5Uk
=ACF  \\$aPrevious Copyright Fee: GBP9.00$c0$e01-Jan-2010$fGBP9.00$g0$hC$5Uk
=ACF  \\$aPrevious Copyright Fee: GBP6.00$c0$e01-oct-2009$fGBP6.00$g0$hC$5Uk
=ACF  \\$aPrevious Copyright Fee: GBP6.00$c0$e01-jul-2009$fGBP6.00$g0$hC$5Uk
=ACF  \\$aPrevious Copyright Fee: GBP6.00$c0$e01-apr-2009$fGBP6.00$g0$hC$5Uk
=ACF  \\$aPrevious Copyright Fee: GBP6.00$c0$e01-jan-2009$fGBP6.00$g0$hC$5Uk
=ACF  \\$aPrevious Copyright Fee: GBP6.00$c0$e01-oct-2008$fGBP6.00$g0$hC$5Uk
=ACF  \\$aPrevious Copyright Fee: GBP6.00$c0$e01-jul-2008$fGBP6.00$g0$hC$5Uk
=ACF  \\$aPrevious Copyright Fee: GBP6.00$c0$e01-apr-2008$fGBP6.00$g0$hC$5Uk
=ACF  \\$aPrevious Copyright Fee: GBP12.00$c0$e01-jul-2012$fGBP12.00$g0$hC$5Uk
=ACF  \\$aPrevious Copyright Fee: GBP12.00$c0$e01-oct-2012$fGBP12.00$g0$hC$5Uk
=ACF  \\$aPrevious Copyright Fee: GBP12.30$c0$e01-jan-2014$fGBP12.30$g0$hC$5Uk
=ACF  \\$aPrevious Copyright Fee: GBP15.00$c0$e01-jan-2017$fGBP15.00$g0$hC$5Uk
=ACF  \\$aPrevious Copyright Fee: GBP17.50$c0$e01-jan-2018$fGBP17.50$g0$hC$5Uk
=LAS  \\$aIPL-CLA$b00$c20200331$lBLL01$h1615

