=LDR  02863 am a2200757 a 4500
=001  013318156
=003  Uk
=005  20090120091401.0
=008  051028m20059999gw\c\\\\\be\\\001\0cger\c
=FMT  \\$a  BK
=020  \\$a9783598250309 (Gesamt)
=020  \\$a3598250304 (Gesamt)
=020  \\$a9783598250316 (Bd. 1)
=020  \\$a3598250312 (Bd. 1)
=020  \\$a9783598250323 (Bd. 2)
=020  \\$a3598250320 (Bd. 2)
=020  \\$a9783598250330 (Bd. 3)
=020  \\$a3598250339 (Bd. 3)
=020  \\$a9783598250347 (Bd. 4)
=020  \\$a3598250347 (Bd. 4)
=020  \\$a9783598250354 (Bd. 5)
=020  \\$a3598250355 (Bd. 5)
=020  \\$a9783598250361 (Bd. 6)
=020  \\$a3598250363 (Bd. 6)
=020  \\$a9783598250378 (Bd. 7)
=020  \\$a3598250371 (Bd. 7)
=020  \\$a9783598250385 (Bd. 8)
=020  \\$a9783598250392 (Bd. 9)
=020  \\$a9783598250408 (Bd. 10)
=020  \\$a9783598250415 (Bd. 11)
=020  \\$a9783598250422 (Bd. 12)
=040  \\$aOHX$cOHX$dZCU$dUk
=042  \\$aukblsr
=050  \4$aCT153$b.D48 2005
=072  \7$aCT$2lcco
=245  00$aDeutsche biographische Enzyklopädie (DBE) /$cherausgegeben von Rudolf Vierhaus.
=250  \\$a2., überarb. und erw. Ausg.
=260  \\$aMünchen :$bSaur,$c2005-2008.
=300  \\$a12 v. :$bports. ;$c25 cm.
=336  \\$atext$2rdacontent
=337  \\$aunmediated$2rdamedia
=338  \\$avolume$2rdacarrier
=500  \\$aPrevious ed.: 1995-2003.
=505  0\$aBd. 1. Aachen - Braniss -- Bd. 2. Brann - Einslin -- Bd. 3. Einstein - Görner -- Bd. 4. Görres - Hittorp -- Bd. 5. Hitz - Kozub -- Bd. 6. Kraatz - Menges -- Bd. 7. Menghin - Pötel -- Bd. 8. Poethen - Schlüter -- Bd. 9. Schlumberger - Thiersch -- Bd. 10. Thies - Zymalkowski -- Bd. 11. Nachträge/Personenregister -- Bd. 12. Ortsregister.
=504  \\$aIncludes bibliographical references and indexes.
=651  \0$aEurope, German-speaking$vBiography$vEncyclopedias.
=700  1\$aVierhaus, Rudolf.
=852  41$aBritish Library$bHMNTS$cSPHOA
=852  11$aBritish Library$bHMNTS$cSPHOA$kHLR$h920.043
=CAT  \\$a5703$b40$c20051020$lBLL01$h1441
=CAT  \\$a11071$b40$c20060321$lBLL01$h1346
=CAT  \\$a6470$b40$c20060912$lBLL01$h1435
=CAT  \\$a6470$b40$c20061115$lBLL01$h1014
=CAT  \\$a6470$b40$c20070326$lBLL01$h1014
=CAT  \\$a6470$b40$c20080414$lBLL01$h1819
=CAT  \\$a11317$b40$c20080814$lBLL01$h1614
=CAT  \\$a11317$b40$c20080814$lBLL01$h1615
=CAT  \\$a11327$b40$c20081024$lBLL01$h1224
=CAT  \\$a11327$b40$c20081024$lBLL01$h1324
=CAT  \\$a8497$b40$c20081028$lBLL01$h1107
=CAT  \\$a11250$b40$c20090120$lBLL01$h0912
=CAT  \\$a11250$b40$c20090120$lBLL01$h0914
=CAT  \\$aW1707-0052$c20170703$lBLL01$h1845
=FIN  \\$aY$d20060321
=SID  \\$aZ39$bOCLC
=LAS  \\$aW1707-0052$b00$c20170703$lBLL01$h1845

