=LDR  01368 as a2200409 a 4500
=001  013325680
=003  Uk
=005  20130920123117.0
=007  ta
=008  051101d199u200uenkuu\p\\\\\\\0\\\a0eng\\
=FMT  \\$a  SE
=015  \\$aGBA592057$2bnb
=040  \\$aUk$beng$cUk
=042  \\$aukblsr
=082  04$a381.456427094105$222
=245  00$aProgressive tableware.
=260  \\$aLondon :$bMax Publishing.
=300  \\$av. :$bcol. ill. ;$c30 cm.
=336  \\$atext$2rdacontent
=337  \\$aunmediated$2rdamedia
=338  \\$avolume$2rdacarrier
=362  1\$aCeased in (2005)?
=500  \\$aDescription based on: June 2005 issue.
=650  \0$aTableware industry$zGreat Britain$vPeriodicals.
=650  \0$aTableware$zGreat Britain$xMarketing$vPeriodicals.
=690  7\$aManagement and Business Studies$2blcoll
=852  41$aBritish Library$bSTI$cRES$3Earlier issues
=852  11$aBritish Library$bSTI$k(P)$h381.456427094105$m-E(1) Business$32005 June***Last 4 years only
=CAT  \\$a3072$b40$c20051101$lBLL01$h1449
=CAT  \\$a3072$b40$c20051101$lBLL01$h1450
=CAT  \\$aBATCH$b00$c20081124$lBLL01$h1132
=CAT  \\$aBATCH$b00$c20090624$lBLL01$h1706
=CAT  \\$a7792$b40$c20130920$lBLL01$h1231
=CAT  \\$aWR14_140$c20140905$lBLL01$h1809
=FIN  \\$aY$d20051101
=TCO  \\$aCLA$bCLA$c008
=LAS  \\$aWR14_140$b00$c20140905$lBLL01$h1809

