=LDR  01407aas a2200433 a 4500
=001  013329314
=003  Uk
=005  20060322115625.0
=007  ta
=008  051104c20059999enkmr\n\\\\\\\0\\\a0eng\\
=FMT  \\$a  SE
=015  \\$aGBA634821$2bnb
=022  0\$a1749-7396$202
=040  \\$aUk$beng$cUk$dUk
=042  \\$aissnuk$aukblsr
=082  04$a338.709423505$222
=222  \0$aBusiness i Devon
=245  00$aBusiness i Devon.
=246  30$aBusiness i
=246  33$aBusiness eye Devon
=260  \\$aTiverton :$bBusiness i Media,$c2005-
=300  \\$av. :$bill. (some col.), ports. (some col.) ;$c40 cm.
=310  \\$aMonthly
=336  \\$atext$2rdacontent
=337  \\$aunmediated$2rdamedia
=338  \\$avolume$2rdacarrier
=362  0\$aFeb. 2005-
=650  \0$aBusiness enterprises$zEngland$zDevon$vPeriodicals.
=651  \0$aDevon (England)$xCommerce$vPeriodicals.
=690  7\$aManagement and Business Studies$2blcoll
=852  41$aBritish Library$bSTI$cRES$3Earlier issues
=852  11$aBritish Library$bSTI$k(P)$h338.709423505$m-E(1) Business$3February 2005-October 2005***Last 4 years only
=CAT  \\$a6537$b40$c20051104$lBLL01$h0944
=CAT  \\$a8124$b40$c20060322$lBLL01$h1156
=CAT  \\$aBATCH$b00$c20090624$lBLL01$h1707
=CAT  \\$aWR14_140$c20140905$lBLL01$h1809
=FIN  \\$aY$d20051104
=TCO  \\$aCLA$bCLA$c008
=LAS  \\$aWR14_140$b00$c20140905$lBLL01$h1809

