=LDR  01458 as a2200445 a 4500
=001  013335798
=003  Uk
=005  20060807131603.0
=007  ta
=008  051114d200u2005enkmr\p\\\\\\\0\\\a0eng\\
=FMT  \\$a  SE
=015  \\$aGBA596049$2bnb
=040  \\$aUk$beng$cUk$dUk
=042  \\$aukblsr
=082  04$a332.605$222
=245  00$aAlternative fund investment :$bAFI.
=246  30$aAFI
=260  \\$aLondon :$bAlternative Fund Investment,$c-2005.
=300  \\$a[?] v. :$bports. ;$c30 cm.
=310  \\$aMonthly
=336  \\$atext$2rdacontent
=337  \\$aunmediated$2rdamedia
=338  \\$avolume$2rdacarrier
=362  0\$a-Nov. 2005.
=500  \\$aDescription based on: Jul./Aug. 2005 issue.
=650  \0$aHedge funds$vPeriodicals.
=650  \0$aFinancial services industry$vPeriodicals.
=650  \0$aInvestments$vPeriodicals.
=650  \0$aFinance$vPeriodicals.
=690  7\$aManagement and Business Studies$2blcoll
=785  00$tInstitutional alternative investment
=852  41$aBritish Library$bSTI$cRES$3Earlier issues
=852  11$aBritish Library$bSTI$k(P)$h332.605$m-E(1) Business$3Year 2005:Jul./Aug.-November 2005***Last 4 years
=CAT  \\$a11439$b40$c20051114$lBLL01$h1137
=CAT  \\$a8323$b40$c20060807$lBLL01$h1316
=CAT  \\$aBATCH$b00$c20090624$lBLL01$h1707
=CAT  \\$aWR14_140$c20140905$lBLL01$h1809
=FIN  \\$aY$d20051114
=TCO  \\$aCLA$bCLA$c008
=LAS  \\$aWR14_140$b00$c20140905$lBLL01$h1809

