=LDR  01461 as a2200421 a 4500
=001  013346717
=003  Uk
=005  20081210132234.0
=007  ta
=008  051128d20052006enkuu\p\\\\\\\0\\\a0eng\\
=FMT  \\$a  SE
=015  \\$aGBA600387$2bnb
=040  \\$aUk$beng$cUk$dUk
=042  \\$aukblsr
=082  04$a915.35705$222
=245  00$aDubai means business.
=260  \\$aLondon :$bSubcontinent Publishing,$c2005-2006.
=300  \\$av. :$bill. (chiefly col.), ports. (chiefly col.) ;$c30 cm.
=336  \\$atext$2rdacontent
=337  \\$aunmediated$2rdamedia
=338  \\$avolume$2rdacarrier
=362  0\$aJuly 2005-
=362  1\$aCeased in 2006.
=651  \0$aDubai (United Arab Emirates)$vPeriodicals.
=651  \0$aDubai (United Arab Emirates)$xDescription and travel$vPeriodicals.
=651  \0$aDubai (United Arab Emirates)$xEconomic conditions$vPeriodicals.
=785  00$tInDubai
=852  11$aBritish Library$bSTI$cBIPC$k(P)$h915.35705$m-E(1) Business$3Jul. (2005)-Apr. (2006)***Last 4 years
=852  41$aBritish Library$bSTI$cRES$3Earlier issues
=CAT  \\$a11439$b40$c20051128$lBLL01$h1359
=CAT  \\$a11439$b40$c20051128$lBLL01$h1401
=CAT  \\$aBATCH-UPD$b40$c20081006$lBLL01$h1753
=CAT  \\$a5110$b40$c20081209$lBLL01$h1115
=CAT  \\$a8124$b40$c20081210$lBLL01$h1322
=CAT  \\$aWR14_140$c20140905$lBLL01$h1810
=FIN  \\$aY$d20051128
=TCO  \\$aCLA$bCLA$c008
=LAS  \\$aWR14_140$b00$c20140905$lBLL01$h1810

