=LDR  01180 as a2200361 a 4500
=001  013355132
=003  Uk
=005  20051207094605.0
=007  ta
=008  051207c200u9999enkuu\p\\\\\\\0\\\a0eng\\
=FMT  \\$a  SE
=015  \\$aGBA604623$2bnb
=040  \\$aUk$beng$cUk
=042  \\$aukblsr
=082  04$a658.408$222
=245  00$aCorporate social responsibility magazine :$bCSR.
=246  30$aCSR
=260  \\$aManchester :$bMcClelland Publishing
=300  \\$av. :$bcol. ill., col ports. ;$c30 cm.
=336  \\$atext$2rdacontent
=337  \\$aunmediated$2rdamedia
=338  \\$avolume$2rdacarrier
=500  \\$aDescription based on: V: 2. 1.
=650  \0$aSocial responsibility of business$vPeriodicals.
=690  7\$aManagement and Business Studies$2blcoll
=852  41$aBritish Library$bSTI$cRES$3Earlier issues
=852  11$aBritish Library$bSTI$k(P)$h658.408$m-E(2) Business$3Version 2.1-Spring 2006***Last 4 years only
=CAT  \\$a11439$b40$c20051207$lBLL01$h0946
=CAT  \\$aBATCH$b00$c20090624$lBLL01$h1708
=CAT  \\$aWR14_140$c20140905$lBLL01$h1810
=FIN  \\$aY$d20051207
=TCO  \\$aCLA$bCLA$c008
=LAS  \\$aWR14_140$b00$c20140905$lBLL01$h1810

