=LDR  01723aas a2200481 a 4500
=001  013355504
=003  Uk
=005  20060126112322.0
=007  ta
=008  051207c20059999enkbr\p\\\\\\\0\\\a0eng\\
=FMT  \\$a  SE
=015  \\$aGBA617916$2bnb
=022  0\$a1749-981X$202
=040  \\$aUk$beng$cUk$dUk
=042  \\$aissnuk$aukblsr
=082  04$a658.0094246$222
=210  0\$aInside bus., Stafford Stoke
=222  \0$aInside business. Stafford & Stoke
=245  00$aInside business.$pStafford & Stoke.
=246  30$aInside business
=246  3\$aInside business.$pStafford and Stoke
=246  17$aStafford & Stoke inside business
=260  \\$aStafford :$bInside Business (Stafford & Stoke)$c2005-
=300  \\$av. :$bill. (some col.), col. ports. ;$c30 cm.
=310  \\$aBimonthly
=336  \\$atext$2rdacontent
=337  \\$aunmediated$2rdamedia
=338  \\$avolume$2rdacarrier
=362  0\$aVol. 1, issue 1-
=650  \0$aBusiness enterprises$zEngland$zStoke-on-Trent District$xManagement$vPeriodicals.
=650  \0$aBusiness enterprises$zEngland$zStafford$xManagement$vPeriodicals.
=690  7\$aManagement and Business Studies$2blcoll
=852  41$aBritish Library$bSTI$cRES$3Earlier issues
=852  11$aBritish Library$bSTI$k(P)$h658.0094246$m-E(1) Business$3Volume 1, Issue 1 (2005).***Last 4 years only
=CAT  \\$a6537$b40$c20051207$lBLL01$h1356
=CAT  \\$a8323$b40$c20060126$lBLL01$h1115
=CAT  \\$a8323$b40$c20060126$lBLL01$h1120
=CAT  \\$a8323$b40$c20060126$lBLL01$h1123
=CAT  \\$aBATCH$b00$c20090624$lBLL01$h1708
=CAT  \\$aWR14_140$c20140905$lBLL01$h1810
=FIN  \\$aY$d20051207
=TCO  \\$aCLA$bCLA$c008
=LAS  \\$aWR14_140$b00$c20140905$lBLL01$h1810

