=LDR  01645 as a2200469 a 4500
=001  013367152
=003  Uk
=005  20100515091856.0
=007  ta
=008  051221d20052009enkar\p\\r\\\\0\\\a0eng\\
=FMT  \\$a  SE
=015  \\$aGBA641449$2bnb
=022  0\$a1750-127X$202
=040  \\$aUk$beng$cUk$dUk
=042  \\$aukblsr$aissnuk
=046  \\$at$c2006$e9999
=082  04$a338.476647520941$222
=222  \0$aBritish baker directory$b(2006. Print)
=245  00$aBritish baker directory.
=260  \\$aCrawley :$bWilliam Reed,$c2005-
=300  \\$av. :$bcol. ill. ;$c26 cm.
=310  \\$aAnnual
=336  \\$atext$2rdacontent
=337  \\$aunmediated$2rdamedia
=338  \\$avolume$2rdacarrier
=362  0\$a2006-2009.
=650  \0$aBaked products industry$zGreat Britain$vDirectories.
=690  7\$aManagement and Business Studies$2blcoll
=780  00$tBaking industry directory$x0957-4247
=785  00$tBritish baker business directory$x2044-1916
=852  11$aBritish Library$bSTI$cBIPC$k(B) DIR 338.476647520941$mBusiness$3Current issue
=852  71$aBritish Library$bSTI$cRES$k(XP)$hAA 678$m-E(50)$2blsrissc$3Earlier issues
=CAT  \\$a9570$b40$c20051221$lBLL01$h1203
=CAT  \\$a6537$b40$c20060419$lBLL01$h1412
=CAT  \\$a6537$b40$c20060612$lBLL01$h1209
=CAT  \\$aBATCH$b00$c20090624$lBLL01$h1708
=CAT  \\$a5997$b40$c20100515$lBLL01$h0918
=CAT  \\$aWR14_140$c20140905$lBLL01$h1810
=FIN  \\$aY$d20060419
=LKR  \\$aPAR$b007518045$lBLL01$r78000$mBritish baker directory (2006. Print)$nBaking industry directory
=TCO  \\$aCLA$bCLA$c008
=LAS  \\$aWR14_140$b00$c20140905$lBLL01$h1810

