=LDR  02671 as a2200649 a 4500
=001  013367282
=003  Uk
=005  20110414114958.0
=007  ta
=008  051221d200u200unyuwr\p\\\\\\\0\\\a0eng\\
=FMT  \\$a  SE
=015  \\$aGBA609474$2bnb
=040  \\$aUk$beng$cUk
=042  \\$aukblsr
=082  04$a332.02401$222
=245  00$aDefined contribution & savings plan alert.
=246  3\$aDefined contribution and savings plan alert
=260  \\$aNew York :$bInstitutional Investor,$c2005-
=300  \\$av. ;$c28 cm.
=310  \\$aWeekly
=336  \\$atext$2rdacontent
=337  \\$aunmediated$2rdamedia
=338  \\$avolume$2rdacarrier
=362  0\$aVol. 1, no. 1 (Aug. 8, 2005)-
=362  1\$aCeased in (2009)?
=580  \\$aMerger of: Defined contribution news, and: Fund marketing alert.
=540  \\$aBritish Library not licensed to copy$c0$5Uk
=650  \0$aDefined contribution pension plans$zUnited States$vPeriodicals.
=650  \0$aMutual funds$zUnited States$vPeriodicals.
=690  7\$aManagement and Business Studies$2blcoll
=710  2\$aInstitutional Investor (Firm)
=780  14$tDefined contribution news$x1529-5729
=780  14$tFund marketing alert$x1529-2363
=852  41$aBritish Library$bSTI$cRES$3Earlier issues
=852  11$aBritish Library$bSTI$k(P)$h332.02401$m-E(1) Business$3Vol. 1, no. 1 (2005)-v. 5, no. 14 (2009)***Last 4 years only
=CAT  \\$a8323$b40$c20051221$lBLL01$h1402
=CAT  \\$aBATCH-CLA$b00$c20080829$lBLL01$h1834
=CAT  \\$aBATCH-CLA$b00$c20080829$lBLL01$h1849
=CAT  \\$aBATCH-UPD$b00$c20081001$lBLL01$h0012
=CAT  \\$aBATCH$b00$c20081001$lBLL01$h0128
=CAT  \\$aBATCH$b00$c20081124$lBLL01$h1132
=CAT  \\$aBATCH$b00$c20090624$lBLL01$h1708
=CAT  \\$aBATCH-UPD$b00$c20101201$lBLL01$h1250
=CAT  \\$aIPL-CLA$c20101231$lBLL01$h1518
=CAT  \\$a7792$b40$c20110414$lBLL01$h1149
=CAT  \\$aBATCH-UPD$b40$c20110907$lBLL01$h1827
=CAT  \\$aIPL-CLA$c20110908$lBLL01$h1742
=CAT  \\$aBATCH-CLA$b00$c20121109$lBLL01$h1727
=CAT  \\$aWR14_140$c20140905$lBLL01$h1810
=CFI  0\$aBritish Library not licensed to copy$c0$e07-sep-2011$hC$iTX$5Uk
=CFI  2\$aPrevious copyright fee: GBP10.50$c0$e01-jan-2011$fGBP10.50$g0$hA$5Uk
=FIN  \\$aY$d20051221
=LKR  \\$aPAR$b007164231$lBLL01$r78014$mDefined contribution & savings plan alert.$nDefined contribution news.
=LKR  \\$aPAR$b005568703$lBLL01$r78014$mDefined contribution & savings plan alert.$nFund marketing alert.
=TCO  \\$aTRS$bCCC$c008
=ACF  \\$aPrevious Copyright Fee: GBP10.00$c0$e01-oct-2008$fGBP10.00$g0$hC$5Uk
=LAS  \\$aWR14_140$b00$c20140905$lBLL01$h1810

