=LDR  04753cas a2201009 a 4500
=001  013377964
=003  Uk
=005  20230210010430.0
=007  ta
=008  060113c20069999enkwr\p\\\\\\\0\\\a0eng\\
=FMT  \\$a  SE
=015  \\$aGBA648835$2bnb
=022  0\$a1750-2411$202
=040  \\$aUk$beng$cUk
=042  \\$aukblsr$aissnuk
=082  04$a338.476649098105$222
=222  \0$aBrazilian meat monitor$b(Print)
=245  00$aBrazilian meat monitor /$cAgra FNP.
=260  \\$aTunbridge Wells :$bAgra Informa,$c2006-
=300  \\$av. :$bill., maps ;$c30 cm.
=310  \\$aWeekly
=336  \\$atext$2rdacontent
=337  \\$aunmediated$2rdamedia
=338  \\$avolume$2rdacarrier
=362  0\$aIssue no. 1 (Feb. 6, 2006)-
=500  \\$aLatest issue consulted: Issue no. 2 (Feb. 13, 2006).
=540  \\$aCurrent Copyright Fee: GBP25.00$c0$5Uk
=650  \0$aMeat industry and trade$zBrazil$vPeriodicals.
=690  7\$aManagement and Business Studies$2blcoll
=710  2\$aAgra FNP.
=776  0\$tBrazilian meat monitor$c(Online)$x1750-242X
=852  11$aBritish Library$bSTI$k(P)$h338.476649098105$m-E(1) Business$3No. 1 (2006)-Mar.26 (2010)***Last 4 years
=852  41$aBritish Library$bSTI$cRES$3Earlier issues
=CAT  \\$a11316$b40$c20060113$lBLL01$h1020
=CAT  \\$aIPL-CLA$c20130331$lBLL01$h1055
=CAT  \\$a540_fix$c20130403$lBLL01$h2014
=CAT  \\$aBATCH-CLA$b00$c20130531$lBLL01$h1648
=CAT  \\$aIPL-CLA$c20130701$lBLL01$h0057
=CAT  \\$aBATCH-CLA$b00$c20130830$lBLL01$h1629
=CAT  \\$aIPL-CLA$c20130930$lBLL01$h1745
=CAT  \\$aBATCH-CLA$b00$c20131129$lBLL01$h1658
=CAT  \\$aIPL-CLA$c20131231$lBLL01$h2359
=CAT  \\$aBATCH-CLA$b00$c20140228$lBLL01$h1617
=CAT  \\$aIPL-CLA$c20140331$lBLL01$h1628
=CAT  \\$aBATCH-CLA$b00$c20140530$lBLL01$h1714
=CAT  \\$aIPL-CLA$c20140630$lBLL01$h1726
=CAT  \\$aBATCH-CLA$b00$c20140829$lBLL01$h1543
=CAT  \\$aWR14_140$c20140905$lBLL01$h1810
=CAT  \\$aIPL-CLA$c20140930$lBLL01$h1635
=CAT  \\$aBATCH-CLA$b00$c20161130$lBLL01$h1636
=CAT  \\$aIPL-CLA$c20161230$lBLL01$h2151
=CAT  \\$aBATCH-CLA$b00$c20171130$lBLL01$h1709
=CAT  \\$aIPL-CLA$c20171231$lBLL01$h1651
=CAT  \\$aBATCH-CLA$b00$c20191129$lBLL01$h1615
=CAT  \\$aIPL-CLA$c20191231$lBLL01$h1937
=CAT  \\$aBATCH-CLA$b00$c20201126$lBLL01$h1410
=CAT  \\$aIPL-CLA$c20201231$lBLL01$h2207
=CAT  \\$aBATCH-CLA$b00$c20221130$lBLL01$h1440
=CAT  \\$aIPL-CLA$c20221231$lBLL01$h2118
=CAT  \\$aBATCH-CLA$b00$c20230209$lBLL01$h1528
=CAT  \\$aIPL-CLA$c20230210$lBLL01$h0104
=CFI  0\$aCurrent Copyright Fee: GBP25.00$c0$e09-feb-2023$fGBP25.00$g0$hC$5Uk
=CFI  2\$aBritish Library not licensed to copy$c0$e01-jan-2023$hC$iCFP Excluded$5Uk
=FIN  \\$aY$d20060522
=TCO  \\$aCLA$bCLA$c008
=ACF  \\$aBritish Library not licensed to copy$c0$e01-apr-2012$hC$iCLA Excluded$5Uk
=ACF  \\$aBritish Library not licensed to copy$c0$e01-jan-2012$hC$iCLA Excluded$5Uk
=ACF  \\$aBritish Library not licensed to copy$c0$e01-oct-2011$hC$iCLA Excluded$5Uk
=ACF  \\$aBritish Library not licensed to copy$c0$e01-jul-2011$hC$iCLA Excluded$5Uk
=ACF  \\$aBritish Library not licensed to copy$c0$e01-apr-2011$hC$iCLA Excluded$5Uk
=ACF  \\$aBritish Library not licensed to copy$c0$e01-jan-2011$hC$iCLA Excluded$5Uk
=ACF  \\$aBritish Library not licensed to copy$c0$e01-oct-2010$hC$iCLA Excluded$5Uk
=ACF  \\$aBritish Library not licensed to copy$c0$e01-jul-2010$hC$iCLA Excluded$5Uk
=ACF  \\$aBritish Library not licensed to copy$c0$e01-jul-2012$hC$iCLA Excluded$5Uk
=ACF  \\$aBritish Library not licensed to copy$c0$e01-oct-2012$hC$iCFP Excluded$5Uk
=ACF  \\$aBritish Library not licensed to copy$c0$e01-apr-2013$hC$iCFP Excluded$5Uk
=ACF  \\$aBritish Library not licensed to copy$c0$e01-jul-2013$hC$iCFP Excluded$5Uk
=ACF  \\$aBritish Library not licensed to copy$c0$e01-oct-2013$hC$iCFP Excluded$5Uk
=ACF  \\$aBritish Library not licensed to copy$c0$e01-jan-2014$hC$iCFP Excluded$5Uk
=ACF  \\$aBritish Library not licensed to copy$c0$e01-apr-2014$hC$iCFP Excluded$5Uk
=ACF  \\$aBritish Library not licensed to copy$c0$e01-jul-2014$hC$iCFP Excluded$5Uk
=ACF  \\$aPrevious Copyright Fee: GBP12.30$c0$e01-oct-2014$fGBP12.30$g0$hC$5Uk
=ACF  \\$aPrevious Copyright Fee: GBP15.00$c0$e01-jan-2017$fGBP15.00$g0$hC$5Uk
=ACF  \\$aPrevious Copyright Fee: GBP17.50$c0$e01-jan-2018$fGBP17.50$g0$hC$5Uk
=ACF  \\$aPrevious Copyright Fee: GBP20.00$c0$e01-jan-2020$fGBP20.00$g0$hC$5Uk
=ACF  \\$aPrevious Copyright Fee: GBP22.50$c0$e01-jan-2021$fGBP22.50$g0$hC$5Uk
=LAS  \\$aIPL-CLA$b00$c20230210$lBLL01$h0104

