=LDR  01354 as a2200385 a 4500
=001  013379980
=003  Uk
=005  20090227092313.0
=007  ta
=008  060117d2005200uenk\u\\\\\\\\\0\\\a0eng\\
=FMT  \\$a  SE
=015  \\$aGBA613977$2bnb
=040  \\$aUk$beng$cUk
=042  \\$aukblsr
=082  04$a333.7924094105$222
=130  0\$aFrontiers (Warrington, England)
=245  10$aFrontiers :$bexploring the challenges ahead for British Nuclear Group.
=260  \\$a[Warrington] :$bBritish Nuclear Group,$c2005-
=300  \\$av. :$bill. (chiefly col.), ports. (chiefly col.) ;$c28 cm.
=336  \\$atext$2rdacontent
=337  \\$aunmediated$2rdamedia
=338  \\$avolume$2rdacarrier
=362  0\$aIssue 1 (Nov. 2005)-
=610  20$aBritish Nuclear Group$vPeriodicals.
=650  \0$aNuclear industry$zGreat Britain$vPeriodicals.
=710  2\$aBritish Nuclear Group.
=852  11$aBritish Library$bSTI$k(P)$h333.7924094105$m-E(1) Business$3Issue 1 2005-Issue 2 August 2006***Last 4 years only
=852  41$aBritish Library$bSTI$cRES$3Earlier issues
=CAT  \\$a11315$b40$c20060117$lBLL01$h1207
=CAT  \\$a7792$b40$c20090219$lBLL01$h0901
=CAT  \\$a7792$b40$c20090227$lBLL01$h0923
=CAT  \\$aWR14_140$c20140905$lBLL01$h1810
=FIN  \\$aY$d20060117
=TCO  \\$aCLA$bCLA$c008
=LAS  \\$aWR14_140$b00$c20140905$lBLL01$h1810

