=LDR  05132cas a2201069 a 4500
=001  013381378
=003  Uk
=005  20230210010431.0
=007  ta
=008  060117d20052014enkmr\p\\\\\\\0\\\a0eng\\
=FMT  \\$a  SE
=015  \\$aGBA615836$2bnb
=022  0\$a1750-256X$202
=040  \\$aUk$beng$cUk
=042  \\$aukblsr$aissnuk
=082  04$a338.479102854678$222
=222  \0$aTravolution
=245  00$aTravolution :$bfor the online travel industry.
=260  \\$aSutton :$bReed Business Information,$c2005-2014
=300  \\$av. :$bcol. ill., col. ports. ;$c27 cm.
=310  \\$aMonthly
=336  \\$atext$2rdacontent
=337  \\$aunmediated$2rdamedia
=338  \\$avolume$2rdacarrier
=362  0\$aIssue 1.0-
=540  \\$aCurrent Copyright Fee: GBP25.00$c0$5Uk
=650  \0$aTravel$xComputer network resources$vPeriodicals.
=650  \0$aTourism$vPeriodicals.
=690  7\$aManagement and Business Studies$2blcoll
=852  41$aBritish Library$bSTI$cRES$3Earlier issues
=852  11$aBritish Library$bSTI$k(P)$h338.479102854678$m-E(1) Business$3Issue 1.0 (2005)-Nov. (2014)***Last 4 years only
=CAT  \\$a8128$b40$c20060117$lBLL01$h1746
=CAT  \\$aBATCH-CLA$b00$c20110831$lBLL01$h1814
=CAT  \\$aIPL-CLA$c20110930$lBLL01$h1550
=CAT  \\$aBATCH-CLA$b00$c20111130$lBLL01$h1221
=CAT  \\$aIPL-CLA$c20111230$lBLL01$h2023
=CAT  \\$aBATCH-CLA$b00$c20120229$lBLL01$h1634
=CAT  \\$aIPL-CLA$c20120330$lBLL01$h1437
=CAT  \\$aBATCH-CLA$b00$c20120531$lBLL01$h1709
=CAT  \\$aIPL-CLA$c20120629$lBLL01$h1035
=CAT  \\$aBATCH-CLA$b00$c20120831$lBLL01$h1531
=CAT  \\$aIPL-CLA$c20120930$lBLL01$h2124
=CAT  \\$aBATCH-CLA$b00$c20121109$lBLL01$h1727
=CAT  \\$aWR14_140$c20140905$lBLL01$h1810
=CAT  \\$aBATCH-CLA$b00$c20150227$lBLL01$h1629
=CAT  \\$aIPL-CLA$c20150331$lBLL01$h1642
=CAT  \\$aBATCH-CLA$b00$c20161130$lBLL01$h1643
=CAT  \\$aIPL-CLA$c20161230$lBLL01$h2151
=CAT  \\$aBATCH-CLA$b00$c20171130$lBLL01$h1708
=CAT  \\$aIPL-CLA$c20171231$lBLL01$h1651
=CAT  \\$aBATCH-CLA$b00$c20191129$lBLL01$h1618
=CAT  \\$aIPL-CLA$c20191231$lBLL01$h1937
=CAT  \\$aBATCH-CLA$b00$c20201126$lBLL01$h1415
=CAT  \\$aIPL-CLA$c20201231$lBLL01$h2207
=CAT  \\$a6490$b40$c20220329$lBLL01$h1054
=CAT  \\$aBATCH-CLA$b00$c20221130$lBLL01$h1445
=CAT  \\$aIPL-CLA$c20221231$lBLL01$h2118
=CAT  \\$aBATCH-CLA$b00$c20230209$lBLL01$h1532
=CAT  \\$aIPL-CLA$c20230210$lBLL01$h0104
=CFI  0\$aCurrent Copyright Fee: GBP25.00$c0$e09-feb-2023$fGBP25.00$g0$hC$5Uk
=CFI  2\$aBritish Library not licensed to copy$c0$e01-jan-2023$hC$iCFP Excluded$5Uk
=FIN  \\$aY$d20060123
=TCO  \\$aCLA$bCLA$c008
=ACF  \\$aPrevious Copyright Fee: GBP12.00$c0$e01-apr-2012$fGBP12.00$g0$hC$5Uk
=ACF  \\$aPrevious Copyright Fee: GBP12.00$c0$e01-jan-2012$fGBP12.00$g0$hC$5Uk
=ACF  \\$aPrevious Copyright Fee: GBP10.50$c0$e01-oct-2011$fGBP10.50$g0$hC$5Uk
=ACF  \\$aPrevious Copyright Fee: GBP10.50$c0$e01-jul-2011$fGBP10.50$g0$hC$5Uk
=ACF  \\$aPrevious Copyright Fee: GBP10.50$c0$e01-apr-2011$fGBP10.50$g0$hC$5Uk
=ACF  \\$aPrevious Copyright Fee: GBP10.50$c0$e01-jan-2011$fGBP10.50$g0$hC$5Uk
=ACF  \\$aPrevious Copyright Fee: GBP9.00$c0$e01-oct-2010$fGBP9.00$g0$hC$5Uk
=ACF  \\$aPrevious Copyright Fee: GBP9.00$c0$e01-jul-2010$fGBP9.00$g0$hC$5Uk
=ACF  \\$aPrevious Copyright Fee: GBP9.00$c0$e01-apr-2010$fGBP9.00$g0$hC$5Uk
=ACF  \\$aPrevious Copyright Fee: GBP9.00$c0$e01-Jan-2010$fGBP9.00$g0$hC$5Uk
=ACF  \\$aPrevious Copyright Fee: GBP6.00$c0$e01-oct-2009$fGBP6.00$g0$hC$5Uk
=ACF  \\$aPrevious Copyright Fee: GBP6.00$c0$e01-jul-2009$fGBP6.00$g0$hC$5Uk
=ACF  \\$aPrevious Copyright Fee: GBP6.00$c0$e01-apr-2009$fGBP6.00$g0$hC$5Uk
=ACF  \\$aPrevious Copyright Fee: GBP6.00$c0$e01-jan-2009$fGBP6.00$g0$hC$5Uk
=ACF  \\$aPrevious Copyright Fee: GBP6.00$c0$e01-oct-2008$fGBP6.00$g0$hC$5Uk
=ACF  \\$aPrevious Copyright Fee: GBP6.00$c0$e01-jul-2008$fGBP6.00$g0$hC$5Uk
=ACF  \\$aPrevious Copyright Fee: GBP6.00$c0$e01-apr-2008$fGBP6.00$g0$hC$5Uk
=ACF  \\$aPrevious Copyright Fee: GBP6.00$c0$e01-jan-2008$fGBP6.00$g0$hC$5Uk
=ACF  \\$aPrevious Copyright Fee: GBP5.00$c0$e01-oct-2007$fGBP5.00$g0$hC$5Uk
=ACF  \\$aPrevious Copyright Fee: GBP5.00$c0$e01-jul-2007$fGBP5.00$g0$hC$5Uk
=ACF  \\$aPrevious Copyright Fee: GBP5.00$c0$e01-apr-2007$fGBP5.00$g0$hC$5Uk
=ACF  \\$aPrevious Copyright Fee: GBP12.00$c0$e01-jul-2012$fGBP12.00$g0$hC$5Uk
=ACF  \\$aPrevious Copyright Fee: GBP12.00$c0$e01-oct-2012$fGBP12.00$g0$hC$5Uk
=ACF  \\$aPrevious Copyright Fee: GBP12.30$c0$e01-apr-2015$fGBP12.30$g0$hC$5Uk
=ACF  \\$aPrevious Copyright Fee: GBP15.00$c0$e01-jan-2017$fGBP15.00$g0$hC$5Uk
=ACF  \\$aPrevious Copyright Fee: GBP17.50$c0$e01-jan-2018$fGBP17.50$g0$hC$5Uk
=ACF  \\$aPrevious Copyright Fee: GBP20.00$c0$e01-jan-2020$fGBP20.00$g0$hC$5Uk
=ACF  \\$aPrevious Copyright Fee: GBP22.50$c0$e01-jan-2021$fGBP22.50$g0$hC$5Uk
=LAS  \\$aIPL-CLA$b00$c20230210$lBLL01$h0104

