=LDR  01471 am a2200409 a 4500
=001  013382912
=003  Uk
=005  20060309140348.0
=008  060119r19801879enk\\\\\\d\\\\000\0\eng\\
=FMT  \\$a  BK
=015  \\$aGBA630521$2bnb
=020  \\$a9780198642015 :$cNo price
=020  \\$a0198642016 :$cNo price
=040  \\$aUk$beng$cUk
=041  0\$aeng$alat
=042  \\$aukblsr
=100  1\$aLewis, Charlton T.$q(Charlton Thomas),$d1834-1904.
=245  12$aA Latin dictionary :$bfounded on Andrew's edition of Freund's Latin dictionary, revised, enlarged, and in great part rewritten /$cby Charlton T. Lewis.
=260  \\$aOxford :$bClarendon Press,$c1980.
=300  \\$axiv, 2019 p. ;$c26 cm.
=336  \\$atext$2rdacontent
=337  \\$aunmediated$2rdamedia
=338  \\$avolume$2rdacarrier
=500  \\$aOriginally published: 1879.
=650  \0$aLatin language$vDictionaries$xEnglish.
=700  1\$aAndrews, E. A.$q(Ethan Allen),$d1787-1858.
=700  1\$aFreund, William,$d1806-1894.
=852  41$aBritish Library$bHMNTS$cSPHOA$kNRR$h473
=852  11$aBritish Library$bHMNTS$cSPHOA$kHUD$mLAT
=CAT  \\$a5703$b40$c20060119$lBLL01$h1626
=CAT  \\$a7000$b40$c20060309$lBLL01$h1403
=CAT  \\$aNSB-MIG$c20140215$lBLL01$h0217
=CAT  \\$aNSB-MIG$c20140215$lBLL01$h0223
=CAT  \\$a10804$b40$c20170511$lBLL01$h1233
=CAT  \\$aBATCH-UPD$b40$c20170511$lBLL01$h1233
=FIN  \\$aY$d20060308
=LAS  \\$aBATCH-UPD$b40$c20170511$lBLL01$h1233

