=LDR  02284 as a2200613 a 4500
=001  013387950
=003  Uk
=005  20090211082009.0
=007  ta
=008  060125d20052007xxuar\p\\\\\\\0\\\a0eng\\
=FMT  \\$a  SE
=015  \\$aGBA617891$2bnb
=040  \\$aUk$beng$cUk$dUk
=042  \\$aukblsr
=082  04$a332.6$222
=245  00$aPrivate equity manager ... yearbook.
=246  2\$aPrivate equity manager yearbook
=260  \\$aNew York :$bInvestoraccess,$c2005-2007.
=300  \\$av. :$bcol. ill., ports. (some col.) ;$c28 cm.
=310  \\$aAnnual
=336  \\$atext$2rdacontent
=337  \\$aunmediated$2rdamedia
=338  \\$avolume$2rdacarrier
=362  0\$a2005-2007.
=540  \\$aBritish Library not licensed to copy$c0$5Uk
=650  \0$aPrivate equity$vPeriodicals.
=650  \0$aInvestments$vPeriodicals.
=690  7\$aManagement and Business Studies$2blcoll
=772  0\$tPrivate equity manager$x1550-8056
=772  0\$tPEI manager
=785  00$tPEI manager ... yearbook
=852  11$aBritish Library$bSTI$k(P)$h332.6$m-E(4) Business$32005-2007
=852  41$aBritish Library$bSTI$cRES$3Earlier issues
=CAT  \\$a8128$b40$c20060125$lBLL01$h1641
=CAT  \\$a8128$b40$c20060125$lBLL01$h1643
=CAT  \\$a8128$b40$c20060126$lBLL01$h1500
=CAT  \\$a8323$b40$c20070712$lBLL01$h0800
=CAT  \\$aBATCH-CLA$b00$c20080829$lBLL01$h1828
=CAT  \\$aBATCH-UPD$b00$c20081001$lBLL01$h0012
=CAT  \\$aBATCH$b00$c20081001$lBLL01$h0128
=CAT  \\$a5997$b40$c20090211$lBLL01$h0820
=CAT  \\$aBATCH$b00$c20090624$lBLL01$h1710
=CAT  \\$aBATCH-UPD$b00$c20101201$lBLL01$h1250
=CAT  \\$aIPL-CLA$c20101231$lBLL01$h1518
=CAT  \\$aBATCH-UPD$b00$c20110907$lBLL01$h1827
=CAT  \\$aIPL-CLA$c20110908$lBLL01$h1742
=CAT  \\$aBATCH-CLA$b00$c20121109$lBLL01$h1727
=CFI  0\$aBritish Library not licensed to copy$c0$e07-sep-2011$hC$iTX$5Uk
=CFI  2\$aPrevious copyright fee: GBP10.50$c0$e01-jan-2011$fGBP10.50$g0$hA$5Uk
=FIN  \\$aY$d20060125
=LKR  \\$aPAR$b013280207$lBLL01$r772$mPrivate equity manager ... yearbook.$nPrivate equity manager
=TCO  \\$aTRS$bCCC$c008
=ACF  \\$aPrevious Copyright Fee: GBP6.00$c0$e01-oct-2008$fGBP6.00$g0$hC$5Uk
=LAS  \\$aBATCH-CLA$b00$c20121109$lBLL01$h1727

