=LDR  01982aas a2200505 a 4500
=001  013393925
=003  Uk
=005  20130611120836.0
=007  ta
=008  060202d200u2012nikbr\p\\\\\\\0\\\a0eng\\
=FMT  \\$a  SE
=015  \\$aGBA620282$2bnb
=040  \\$aUk$beng$cUk$dUk
=042  \\$aukblsr
=082  04$a338.4762130941605$222
=245  00$aNorthern Ireland's electrical magazine :$ba quarterly journal for the electrical industry.
=246  30$aElectrical magazine
=246  33$aNorthern Ireland electrical
=246  1\$iMinor title change:$aNorthern Ireland's electrical :$ba quarterly magazine for the electrical industry,$fFeb./Mar. 2010-Nov./Dec. 2012
=260  \\$aPortadown :$bMainstream Magazines,$c-2012
=260  3\$aMoira :$bKMP
=300  \\$av. :$bill. (some col.), col. ports. ;$c30 cm.
=310  \\$aBimonthly,$b2010-2012
=321  \\$aQuarterly,$b-2009
=336  \\$atext$2rdacontent
=337  \\$aunmediated$2rdamedia
=338  \\$avolume$2rdacarrier
=362  1\$aBegan in 2005?
=362  0\$a-issue 6 (2006) ; issue 7 (spring 2007)-issue 17 (autumn 2009) ; issue 18 (Feb./Mar. 2010)-issue 34 (Nov./Dec. 2012).
=500  \\$aDescription based on: Issue 2 (2005).
=500  \\$aLatest issue consulted: 18 (Feb./Mar. 2010).
=650  \0$aElectric industries$zNorthern Ireland$vPeriodicals.
=690  7\$aManagement and Business Studies$2blcoll
=785  00$tElectrical
=852  41$aBritish Library$bSTI$cRES$3Earlier issues
=852  11$aBritish Library$bSTI$k(P)$h338.4762130941605$m-E(1) Business$3Issue 2 (2005)-issue 34 (2012)***Last 4 years
=CAT  \\$a8323$b40$c20060202$lBLL01$h1311
=CAT  \\$a8323$b40$c20060202$lBLL01$h1313
=CAT  \\$aBATCH$b00$c20090624$lBLL01$h1710
=CAT  \\$a8323$b40$c20100222$lBLL01$h1423
=CAT  \\$a11315$b40$c20130611$lBLL01$h1208
=CAT  \\$aWR14_140$c20140905$lBLL01$h1810
=FIN  \\$aY$d20060202
=TCO  \\$aCLA$bCLA$c008
=LAS  \\$aWR14_140$b00$c20140905$lBLL01$h1810

