=LDR  04686cas a2201045 a 4500
=001  013396379
=003  Uk
=005  20230210010434.0
=007  ta
=008  060207d200u2007enkbr\p\\\\\\\0\\\a0eng\\
=FMT  \\$a  SE
=015  \\$aGBA620679$2bnb
=022  0\$a1750-4139$202
=040  \\$aUk$beng$cUk
=042  \\$aukblsr$aissnuk
=082  04$a338.4768620941$222
=130  0\$aPrint buyer (Haymarket)
=222  \0$aPrint buyer$b(Haymarket)
=245  10$aPrint buyer.
=246  17$aPrintBuyer
=260  \\$aLondon :$bHaymarket Marketing Pub.,$c-2007.
=300  \\$a[?] v. :$bill. (some col.), col. ports. ;$c28 cm.
=310  \\$aBimonthly
=336  \\$atext$2rdacontent
=337  \\$aunmediated$2rdamedia
=338  \\$avolume$2rdacarrier
=362  0\$a-June 2007.
=580  \\$aSister publication to: PrintWeek
=500  \\$aBegan in 2004?
=500  \\$aDescription based on: Aug. 2005 issue.
=540  \\$aCurrent Copyright Fee: GBP12.30$c0$5Uk
=650  \0$aPrinting industry$zGreat Britain$vPeriodicals.
=650  \0$aPrinting$zGreat Britain$xEquipment and supplies$vPeriodicals.
=690  7\$aManagement and Business Studies$2blcoll
=785  04$tPrinting world$x0032-8715
=787  1\$tPrintWeek$x1350-9829
=852  41$aBritish Library$bSTI$cRES$3Earlier issues
=852  11$aBritish Library$bSTI$k(P)$h338.4768620941$m-E(1) Business$3August (2005)-June (2007)***Last 4 years only
=CAT  \\$a8323$b40$c20060207$lBLL01$h0951
=CAT  \\$aIPL-CLA$c20100630$lBLL01$h2030
=CAT  \\$aBATCH-CLA$b00$c20100831$lBLL01$h1530
=CAT  \\$aIPL-CLA$c20100930$lBLL01$h1528
=CAT  \\$aBATCH-CLA$b00$c20101115$lBLL01$h1605
=CAT  \\$aIPL-CLA$c20101231$lBLL01$h1518
=CAT  \\$aBATCH-CLA$b00$c20110228$lBLL01$h1535
=CAT  \\$aIPL-CLA$c20110331$lBLL01$h1505
=CAT  \\$aBATCH-CLA$b00$c20110531$lBLL01$h1642
=CAT  \\$aIPL-CLA$c20110630$lBLL01$h1545
=CAT  \\$aBATCH-CLA$b00$c20110831$lBLL01$h1747
=CAT  \\$aIPL-CLA$c20110930$lBLL01$h1550
=CAT  \\$aBATCH-CLA$b00$c20111130$lBLL01$h1207
=CAT  \\$aIPL-CLA$c20111230$lBLL01$h2023
=CAT  \\$aBATCH-CLA$b00$c20120229$lBLL01$h1612
=CAT  \\$aIPL-CLA$c20120330$lBLL01$h1437
=CAT  \\$aBATCH-CLA$b00$c20120531$lBLL01$h1713
=CAT  \\$aIPL-CLA$c20120629$lBLL01$h1035
=CAT  \\$aBATCH-CLA$b00$c20120831$lBLL01$h1541
=CAT  \\$aIPL-CLA$c20120930$lBLL01$h2124
=CAT  \\$aBATCH-CLA$b00$c20121109$lBLL01$h1727
=CAT  \\$aBATCH-CLA$b00$c20131129$lBLL01$h1648
=CAT  \\$aIPL-CLA$c20140101$lBLL01$h0000
=CAT  \\$aWR14_140$c20140905$lBLL01$h1810
=CAT  \\$aBATCH-CLA$b00$c20221130$lBLL01$h1447
=CAT  \\$aIPL-CLA$c20221231$lBLL01$h2118
=CAT  \\$aBATCH-CLA$b00$c20230209$lBLL01$h1534
=CAT  \\$aIPL-CLA$c20230210$lBLL01$h0104
=CFI  0\$aCurrent Copyright Fee: GBP12.30$c0$e09-feb-2023$fGBP12.30$g0$hC$5Uk
=CFI  2\$aBritish Library not licensed to copy$c0$e01-jan-2023$hC$iCFP Excluded$5Uk
=FIN  \\$aY$d20060207
=LKR  \\$aPAR$b008416794$lBLL01$r787$mPrint buyer (Haymarket)$nPrintweek (Teddington)
=TCO  \\$aCLA$bCLA$c008
=ACF  \\$aPrevious Copyright Fee: GBP12.00$c0$e01-apr-2012$fGBP12.00$g0$hC$5Uk
=ACF  \\$aPrevious Copyright Fee: GBP12.00$c0$e01-jan-2012$fGBP12.00$g0$hC$5Uk
=ACF  \\$aPrevious Copyright Fee: GBP10.50$c0$e01-oct-2011$fGBP10.50$g0$hC$5Uk
=ACF  \\$aPrevious Copyright Fee: GBP10.50$c0$e01-jul-2011$fGBP10.50$g0$hC$5Uk
=ACF  \\$aPrevious Copyright Fee: GBP10.50$c0$e01-apr-2011$fGBP10.50$g0$hC$5Uk
=ACF  \\$aPrevious Copyright Fee: GBP10.50$c0$e01-jan-2011$fGBP10.50$g0$hC$5Uk
=ACF  \\$aPrevious Copyright Fee: GBP9.00$c0$e01-oct-2010$fGBP9.00$g0$hC$5Uk
=ACF  \\$aPrevious Copyright Fee: GBP9.00$c0$e01-jul-2010$fGBP9.00$g0$hC$5Uk
=ACF  \\$aPrevious Copyright Fee: GBP9.00$c0$e01-apr-2010$fGBP9.00$g0$hC$5Uk
=ACF  \\$aPrevious Copyright Fee: GBP9.00$c0$e01-Jan-2010$fGBP9.00$g0$hC$5Uk
=ACF  \\$aPrevious Copyright Fee: GBP6.00$c0$e01-oct-2009$fGBP6.00$g0$hC$5Uk
=ACF  \\$aPrevious Copyright Fee: GBP6.00$c0$e01-jul-2009$fGBP6.00$g0$hC$5Uk
=ACF  \\$aPrevious Copyright Fee: GBP6.00$c0$e01-apr-2009$fGBP6.00$g0$hC$5Uk
=ACF  \\$aPrevious Copyright Fee: GBP6.00$c0$e01-jan-2009$fGBP6.00$g0$hC$5Uk
=ACF  \\$aPrevious Copyright Fee: GBP6.00$c0$e01-oct-2008$fGBP6.00$g0$hC$5Uk
=ACF  \\$aPrevious Copyright Fee: GBP12.00$c0$e01-jul-2012$fGBP12.00$g0$hC$5Uk
=ACF  \\$aPrevious Copyright Fee: GBP12.00$c0$e01-oct-2012$fGBP12.00$g0$hC$5Uk
=ACF  \\$aPrevious Copyright Fee: GBP12.30$c0$e01-jan-2014$fGBP12.30$g0$hC$5Uk
=LAS  \\$aIPL-CLA$b00$c20230210$lBLL01$h0104

