=LDR  01932 as a2200505 a 4500
=001  013396546
=003  Uk
=005  20111207121335.0
=007  ta
=008  060207d20052005enkfr\p\\\s\\\0\\\a0eng\\
=FMT  \\$a  SE
=015  \\$aGBA620716$2bnb
=040  \\$aUk$beng$cUk$dUk
=042  \\$aukblsr
=082  04$a338.020112$222
=245  00$aUk sectoral prospects.
=260  \\$aOxford :$bOxford Economic Forecasting
=300  \\$av. ;$c30 cm.
=336  \\$atext$2rdacontent
=337  \\$aunmediated$2rdamedia
=338  \\$avolume$2rdacarrier
=362  1\$aCeased in print with autumn 2005 issue.
=490  0\$aEconomic analysis for business
=500  \\$aDescription based on: autumn 2005 issue.
=650  \0$aIndustrial statistics$zGreat Britain$vForecasting$vPeriodicals.
=650  \0$aIndustrial productivity$zGreat Britain$vStatistics$vPeriodicals.
=650  \0$aIndustrial productivity$zGreat Britain$xForecasting$vPeriodicals.
=690  7\$aManagement and Business Studies$2blcoll
=710  2\$aOxford Economic Forecasting.
=776  0\$tUK sectoral prospects (Online)$x2046-8008
=780  00$tUK industrial prospects$x1461-0485
=852  41$aBritish Library$bSTI$cRES$3Earlier issues
=852  11$aBritish Library$bSTI$k(P)$h338.020112$m-E(1) Business$3Autumn (2005)***Last 4 years only
=CAT  \\$a3072$b40$c20060207$lBLL01$h1159
=CAT  \\$a3072$b40$c20060207$lBLL01$h1418
=CAT  \\$a3072$b40$c20060214$lBLL01$h1545
=CAT  \\$a3072$b40$c20060630$lBLL01$h1216
=CAT  \\$aBATCH$b00$c20090624$lBLL01$h1710
=CAT  \\$a3072$b40$c20111207$lBLL01$h1213
=CAT  \\$aWR14_140$c20140905$lBLL01$h1810
=FIN  \\$aY$d20060214
=LKR  \\$aPAR$b013469520$lBLL01$r776$mUk sectoral prospects.$nUK sectoral prospects
=LKR  \\$aPAR$b007250728$lBLL01$r78000$mUk sectoral prospects.$nUK industrial prospects
=TCO  \\$aCLA$bCLA$c008
=LAS  \\$aWR14_140$b00$c20140905$lBLL01$h1810

