=LDR  01632 as a2200457 a 4500
=001  013422020
=003  Uk
=005  20090310075919.0
=007  ta
=008  060309d2005200uie\mr\p\\\\\\\0\\\a0eng\\
=FMT  \\$a  SE
=015  \\$aGBA630444$2bnb
=040  \\$aUk$beng$cUk
=042  \\$aukblsr
=082  04$a338.709417205$222
=245  00$aBusiness Sligo.
=260  \\$aFinisklin :$bBusiness Sligo,$c[2005]-
=300  \\$av. :$bcol. ill., ports. (chiefly col.) ;$c30 cm.
=310  \\$aMonthly
=336  \\$atext$2rdacontent
=337  \\$aunmediated$2rdamedia
=338  \\$avolume$2rdacarrier
=362  1\$aSep. (2005)-
=500  \\$aDescription based on: Sept. 2005 issue.
=650  \0$aBusiness enterprises$zIreland$zSligo (County)$vPeriodicals.
=650  \0$aEntrepreneurship$zIreland$zSligo (County)$vPeriodicals.
=650  \0$aBusinesspeople$zIreland$zSligo (County)$vPeriodicals.
=651  \0$aSligo (Ireland : County)$xCommerce$vPeriodicals.
=690  7\$aManagement and Business Studies$2blcoll
=852  41$aBritish Library$bSTI$cRES$3Earlier issues
=852  11$aBritish Library$bSTI$k(P)$h338.709417205$m-E(1) Business$3(Sept. 2005)-(Apr./May 2008)***Last 4 years only.
=CAT  \\$a11315$b40$c20060309$lBLL01$h0845
=CAT  \\$a7792$b40$c20090115$lBLL01$h1400
=CAT  \\$a7792$b40$c20090117$lBLL01$h1105
=CAT  \\$a7792$b40$c20090128$lBLL01$h1340
=CAT  \\$a7792$b40$c20090310$lBLL01$h0759
=CAT  \\$aBATCH$b00$c20090624$lBLL01$h1711
=CAT  \\$aWR14_140$c20140905$lBLL01$h1811
=FIN  \\$aY$d20060309
=TCO  \\$aIRL$bICLA$c008
=LAS  \\$aWR14_140$b00$c20140905$lBLL01$h1811

