=LDR  01702pam a2200481 a 4500
=001  013425987
=003  Uk
=005  20060822164503.0
=008  060107s2006\\\\enkac\\\\b\\\\001\0\eng\\
=FMT  \\$a  BK
=015  \\$aGBA631439$2bnb
=016  7\$a013425987$2Uk
=020  \\$z9780340810076
=020  \\$a0340810076 :$c£199.00
=040  \\$aStDuBDS$beng$cStDuBDS$dUk
=042  \\$aukblsr
=082  04$a616.9948$222
=245  00$aRussell & Rubinstein's pathology of tumors of the nervous system.
=250  \\$a7th ed. /$b[edited by] Roger E. McLendon, Marc K. Rosenblum, Darell D. Bigner.
=260  \\$aLondon :$bHodder Arnold,$c2006.
=300  \\$axxiii, 1132 p. :$bill. (some col.), ports. ;$c29 cm. +$e1 CD-ROM.
=336  \\$atext$2rdacontent
=337  \\$aunmediated$2rdamedia
=338  \\$avolume$2rdacarrier
=500  \\$aPrevious ed.: London : Arnold, 1998.
=504  \\$aIncludes bibliographical references and index.
=500  \\$aFormerly CIP.$5Uk
=650  \0$aNervous system$xTumors.
=650  \0$aNervous system$xTumors$xPathophysiology.
=700  1\$aMcLendon, Roger E.,$d1957-
=700  1\$aRosenblum, Marc K.
=700  1\$aBigner, D. D.
=852  11$aBritish Library$bSTI$k(B)$h616.9948$3Accompanying CD-ROM at (TB) 616.9948
=852  11$aBritish Library$bSTI$k(TB) 616.9948
=CAT  \\$aBATCH-CIP$b00$c20060314$lBLL01$h1700
=CAT  \\$c20060314$lBLL01$h1702
=CAT  \\$c20060314$lBLL01$h1715
=CAT  \\$a12323$b40$c20060810$lBLL01$h0925
=CAT  \\$a6933$b40$c20060817$lBLL01$h1055
=CAT  \\$a11249$b40$c20060822$lBLL01$h1645
=CAT  \\$aWR16_021$c20160613$lBLL01$h1813
=FIN  \\$aY$d20060817
=LAS  \\$aWR16_021$b00$c20160613$lBLL01$h1813

