=LDR  01318 as a22003737a 4500
=001  013444778
=003  Uk
=005  20081107160024.0
=007  ta
=008  060406d200u2005enkuu\\\\\\\\\0\\\a0eng\\
=FMT  \\$a  SE
=040  \\$aUk$beng$cUk$dUk
=082  04$a333.3385094105$222
=245  00$aResidential rental value forecasts.
=260  \\$a[Great Britain] :$bCluttons
=300  \\$av. :$bcol. ill. ;$c30 cm.
=336  \\$atext$2rdacontent
=337  \\$aunmediated$2rdamedia
=338  \\$avolume$2rdacarrier
=500  \\$aDescription based on: March 2005 issue.
=650  \0$aRent charges$zGreat Britain$xForecasting$vPeriodicals.
=650  \0$aRental housing$zGreat Britain$vStatistics$vPeriodicals.
=650  \0$aHousing$xPrices$zGreat Britain$vStatistics$vPeriodicals.
=690  7\$aManagement and Business Studies$2blcoll
=710  2\$aCluttons (Firm)
=852  41$aBritish Library$bSTI$cRES$3Earlier issues
=852  11$aBritish Library$bSTI$k(P)$h333.3385094105$m-E(1) Business$3(Mar. 2005)***Last 4 years only
=CAT  \\$a8483$b40$c20060406$lBLL01$h1142
=CAT  \\$a11249$b40$c20081107$lBLL01$h1559
=CAT  \\$a11249$b40$c20081107$lBLL01$h1600
=CAT  \\$aBATCH$b00$c20090624$lBLL01$h1712
=FIN  \\$aY$d20060406
=TCO  \\$aCLA$bCLA$c008
=LAS  \\$aBATCH$b00$c20090624$lBLL01$h1712

