=LDR  05115cam a2201093 a 4500
=001  013446838
=003  Uk
=005  20220331223704.0
=008  060411s2006\\\\xxua\\\\\b\\\\101\0\eng\\
=FMT  \\$a  BK
=010  \\$a  2005055592
=015  \\$aGBA641299$2bnb
=016  7\$a013446838$2Uk
=020  \\$a9780841239296
=020  \\$a0841239290 :$cNo price
=040  \\$aUk$beng$cUk
=042  \\$aukblsr
=082  00$a547.70457$222
=CNF  \\$aMetal containing and metallosupramolecular polymers and materials (Conference :$d2004 :$cAnaheim, CA)
=245  00$aMetal-containing and metallosupramolecular polymers and materials /$cUlrich S. Schubert, editor, George R. Newkome, editor, Ian Manners, editor.
=260  \\$aWashington, DC :$bAmerican Chemical Society,$cc2006.
=300  \\$axix, 575 p. :$bill. ;$c24 cm.
=336  \\$atext$2rdacontent
=337  \\$aunmediated$2rdamedia
=338  \\$avolume$2rdacarrier
=490  1\$aACS symposium series ;$v928
=504  \\$aIncludes bibliographical references and indexes.
=591  \\$aSelected papers.
=540  \\$aCurrent Copyright Fee: GBP22.50$c0$5Uk
=650  \0$aOrganic conductors$vCongresses.
=650  \0$aPolymers$vCongresses.
=650  \0$aSupramolecular chemistry$vCongresses.
=653  1\$aMetal containing polymers
=653  1\$aMetallosupramolecular polymers
=700  1\$aSchubert, U.$q(Ulrich).
=700  1\$aNewkome, George R.$q(George Richard).
=700  1\$aManners, Ian,$d1961-
=710  2\$aAmerican Chemical Society.$bDivision of Polymer Chemistry.
=710  2\$aAmerican Chemical Society.$bDivision of Inorganic Chemistry.
=710  2\$aAmerican Chemical Society.$bDivision of Polymeric Materials: Science and Engineering.
=830  \0$aACS symposium series ;$v928.
=852  11$aBritish Library$bSTI$k(B)$h547.70457$i928
=852  41$aBritish Library$bDSC$h0578.895000$ino. 928
=945  \\$aACS symposium series ; no 928 2006
=CAT  \\$a12324$b40$c20060411$lBLL01$h1107
=CAT  \\$aIPL-CLA$c20170331$lBLL01$h1848
=CAT  \\$aBATCH-CLA$b00$c20170921$lBLL01$h1821
=CAT  \\$aIPL-CLA$c20170929$lBLL01$h1733
=CAT  \\$aBATCH-CLA$b00$c20171221$lBLL01$h1247
=CAT  \\$aIPL-CLA$c20171231$lBLL01$h1653
=CAT  \\$aBATCH-CLA$b00$c20180319$lBLL01$h1749
=CAT  \\$aIPL-CLA$c20180331$lBLL01$h1624
=CAT  \\$aBATCH-CLA$b00$c20180920$lBLL01$h1618
=CAT  \\$aIPL-CLA$c20180930$lBLL01$h1504
=CAT  \\$aBATCH-CLA$b00$c20190924$lBLL01$h1901
=CAT  \\$aIPL-CLA$c20190930$lBLL01$h1639
=CAT  \\$aBATCH-CLA$b00$c20200325$lBLL01$h1240
=CAT  \\$aIPL-CLA$c20200331$lBLL01$h1616
=CAT  \\$aBATCH-CLA$b00$c20200619$lBLL01$h1530
=CAT  \\$aIPL-CLA$c20200701$lBLL01$h0058
=CAT  \\$aBATCH-CLA$b00$c20210328$lBLL01$h1303
=CAT  \\$aIPL-CLA$c20210331$lBLL01$h1845
=CAT  \\$aBATCH-CLA$b00$c20210617$lBLL01$h1349
=CAT  \\$aIPL-CLA$c20210704$lBLL01$h1118
=CAT  \\$aBATCH-CLA$b00$c20210928$lBLL01$h1454
=CAT  \\$aIPL-CLA$c20210930$lBLL01$h1650
=CAT  \\$aBATCH-CLA$b00$c20211222$lBLL01$h1559
=CAT  \\$aIPL-CLA$c20211231$lBLL01$h1720
=CAT  \\$aBATCH-CLAB$c20220330$lBLL01$h1637
=CAT  \\$aIPL-CLA$c20220331$lBLL01$h2237
=CFI  0\$aCurrent Copyright Fee: GBP22.50$c0$e01-apr-2022$fGBP22.50$g0$hC$5Uk
=CFI  2\$aPrevious Copyright Fee: GBP33.79$c0$e01-jan-2022$fGBP33.79$g0$hC$5Uk
=FIN  \\$aY$d20060418
=TCO  \\$aTRS$bCCC$c008
=ACF  \\$aPrevious Copyright Fee: GBP27.75$c0$e01-oct-2013$fGBP27.75$g0$hC$5Uk
=ACF  \\$aPrevious Copyright Fee: GBP28.91$c0$e01-jan-2014$fGBP28.91$g0$hC$5Uk
=ACF  \\$aPrevious Copyright Fee: GBP28.03$c0$e01-jul-2014$fGBP28.03$g0$hC$5Uk
=ACF  \\$aPrevious Copyright Fee: GBP29.09$c0$e01-jan-2015$fGBP29.09$g0$hC$5Uk
=ACF  \\$aPrevious Copyright Fee: GBP32.00$c0$e01-apr-2015$fGBP32.00$g0$hC$5Uk
=ACF  \\$aPrevious Copyright Fee: GBP30.97$c0$e01-oct-2015$fGBP30.97$g0$hC$5Uk
=ACF  \\$aPrevious Copyright Fee: GBP33.10$c0$e01-apr-2016$fGBP33.10$g0$hC$5Uk
=ACF  \\$aPrevious Copyright Fee: GBP35.56$c0$e01-oct-2016$fGBP35.56$g0$hC$5Uk
=ACF  \\$aPrevious Copyright Fee: GBP38.40$c0$e01-apr-2017$fGBP38.40$g0$hC$5Uk
=ACF  \\$aPrevious Copyright Fee: GBP36.48$c0$e01-oct-2017$fGBP36.48$g0$hC$5Uk
=ACF  \\$aPrevious Copyright Fee: GBP36.92$c0$e01-jan-2018$fGBP36.92$g0$hC$5Uk
=ACF  \\$aPrevious Copyright Fee: GBP34.29$c0$e01-apr-2018$fGBP34.29$g0$hC$5Uk
=ACF  \\$aPrevious Copyright Fee: GBP36.92$c0$e01-oct-2018$fGBP36.92$g0$hC$5Uk
=ACF  \\$aPrevious Copyright Fee: GBP38.40$c0$e01-oct-2019$fGBP38.40$g0$hC$5Uk
=ACF  \\$aPrevious Copyright Fee: GBP36.92$c0$e01-apr-2020$fGBP36.92$g0$hC$5Uk
=ACF  \\$aPrevious Copyright Fee: GBP38.40$c0$e01-jul-2020$fGBP38.40$g0$hC$5Uk
=ACF  \\$aPrevious Copyright Fee: GBP35.70$c0$e01-apr-2021$fGBP35.70$g0$hC$5Uk
=ACF  \\$aPrevious Copyright Fee: GBP34.66$c0$e01-jul-2021$fGBP34.66$g0$hC$5Uk
=ACF  \\$aPrevious Copyright Fee: GBP34.07$c0$e01-oct-2021$fGBP34.07$g0$hC$5Uk
=LAS  \\$aIPL-CLA$b00$c20220331$lBLL01$h2237

