=LDR  02501cam a2200721 a 4500
=001  011619976
=003  Uk
=005  20220331221101.0
=008  020311s2002\\\\enka\\\||\\\\\001\||eng\\
=FMT  \\$a  BK
=015  \\$aGBA1U8177$2bnb
=019  y\$abA1U8177
=019  9\$a0521801079
=019  g\$aadv5003527101
=019  a\$aG07553382
=019  0\$as675245001
=020  \\$a0521801079 :$c£65.00
=039  0\$a2683
=040  \\$aStDuBDS$dUk
=082  04$a611.01815$221
=084  \\$aDC 869$2blsrissc
=245  00$aBacterial adhesion to host tissues :$bmechanisms and consequences /$cedited by Michael Wilson.
=260  \\$aCambridge :$bCambridge University Press,$c2002.
=300  \\$axvi, 328 p., [11] p. of plates :$bill. (some col.) ;$c24 cm.
=336  \\$atext$2rdacontent
=337  \\$aunmediated$2rdamedia
=338  \\$avolume$2rdacarrier
=490  1\$aAdvances in molecular and cellular microbiology ;$v1
=504  \\$aIncludes bibliographical references and index.
=597  \\$aEnhanced$bSRIS DDC
=540  \\$aCurrent Copyright Fee: GBP25.00$c0$5Uk
=650  \0$aBacteria$xAdhesion.
=650  \0$aMolecular microbiology.
=650  \0$aPathology, Cellular.
=700  1\$aWilson, Michael,$d1947 April 12-
=830  \0$aAdvances in molecular and cellular microbiology ;$v1.
=852  41$aBritish Library$bDSC$i0709.439
=852  71$aBritish Library$bSTI$k(B)$hDC 869$2blsrissc
=945  \\$aAdvances in Modern Toxicology ; v 1
=957  \\$a020304c
=966  \\$lACQUIS 21/03/2002
=985  \\$aRecord amended for WR# 13/070
=CAT  \\$aCONV$b00$c20040425$lBLL90$h0535
=CAT  \\$aCONV$b00$c20040502$lBLL01$h1441
=CAT  \\$aglobal_upd$b40$c20060417$lBLL01$h1259
=CAT  \\$a8964$b40$c20080904$lBLL01$h1049
=CAT  \\$aBATCH$b00$c20091122$lBLL01$h1852
=CAT  \\$aBATCH$b00$c20091217$lBLL01$h0232
=CAT  \\$aBATCH-UPD$b00$c20101002$lBLL01$h1959
=CAT  \\$aWR13_070$b00$c20130504$lBLL01$h0222
=CAT  \\$aBATCH-CLAB$c20220330$lBLL01$h1641
=CAT  \\$aIPL-CLA$c20220331$lBLL01$h2211
=CFI  0\$aCurrent Copyright Fee: GBP25.00$c0$e01-apr-2022$fGBP25.00$g0$hC$5Uk
=FIN  \\$aY
=LEO  \\$aMP5.0000168139
=LEO  \\$aMP5.0001625335
=LEO  \\$aMP8.0001777554
=LEO  \\$aMP25.0000354693
=SRC  \\$aBNB03$bbibmp5.200404.2.aa
=SRC  \\$aBNB03$bbibmp5.200404.2.ac
=SRC  \\$aDSC01$bbibmp8.200404.2.ac
=SRC  \\$aSRI01$bbibmp25.200404.2.aa
=LAS  \\$aIPL-CLA$b00$c20220331$lBLL01$h2211

