=LDR  02682 as a2200733 a 4500
=001  011649817
=003  Uk
=005  20210511092440.0
=006  ab\\\|||||||||||||
=007  ta
=008  020211d20012012enkar\\\\\\\\\0\\\a0eng\\
=FMT  \\$a  SE
=015  \\$aGBA147431$2bnb
=019  y\$abA147431
=019  9\$abA147431
=019  0\$as670103004
=022  0\$a1474-306X$202
=039  0\$a2655
=040  \\$aUk$cUk$dUk
=042  \\$aissnuk
=082  04$a338.70254285$221
=084  \\$aAA 652$2blsrissc
=210  0\$aReg. leads rep., Cty Durh. Clevel.
=222  \0$aRegional leads report. County Durham & Cleveland
=245  00$aRegional leads report.$pCounty Durham & Cleveland.
=246  3\$aRegional leads report. County Durham & Cleveland
=260  \\$aHampton :$bProspect Shop,$c[2001]-
=300  \\$av. :$bmaps ;$c30 cm.
=310  \\$aAnnual
=336  \\$atext$2rdacontent
=337  \\$aunmediated$2rdamedia
=338  \\$avolume$2rdacarrier
=362  0\$aEd. 14-
=530  \\$aAlso published electronically.
=650  \0$aBusiness enterprises$zEngland$zDurham (County)$vDirectories.
=650  \0$aBusiness enterprises$zEngland$zDurham (County)$xFinance$vStatistics$vPeriodicals.
=650  \0$aBusiness enterprises$zEngland$zCleveland$vDirectories.
=650  \0$aBusiness enterprises$zEngland$zCleveland$xFinance$vStatistics$vPeriodicals.
=690  7\$aManagement and Business Studies$2blcoll
=710  2\$aProspect Shop Ltd.
=780  00$tCounty Durham & Cleveland$x1467-0801
=852  71$aBritish Library$bSTI$cRES$k(XP)$hAA 652$m-E(333)$2blsrissc$3Ed. 14 (2000)-ed. 23, vol. 2 (2010)***Earlier issues
=852  11$aBritish Library$bSTI$cBIPC$k(B) DIR$h338.70254285$mBusiness$3Ed. 26, vol. 1 (2012)-ed. 26, v. 2 (2012)***title now taken as electronic copy only'
=852  \\$aBritish Library$bSTI$cBIPC
=985  \\$aRecord merged by DQ team
=CAT  \\$aCONV$b00$c20040425$lBLL90$h0615
=CAT  \\$aCONV$b00$c20040502$lBLL01$h1442
=CAT  \\$aglobal_upd$b40$c20060417$lBLL01$h1822
=CAT  \\$aBATCH$b00$c20090619$lBLL01$h1854
=CAT  \\$a8874$b40$c20090728$lBLL01$h0750
=CAT  \\$aBATCH$b00$c20091210$lBLL01$h0534
=CAT  \\$aBATCH$b00$c20091214$lBLL01$h0741
=CAT  \\$aWR14_140$c20140905$lBLL01$h1752
=CAT  \\$a8244$b40$c20210511$lBLL01$h0924
=FIN  \\$aY
=LEO  \\$aMP5.0001467773
=LEO  \\$aMP22.0000067006
=LEO  \\$aMP25.0000350038
=SRC  \\$aBNB03$bbibmp5.200404.2.ac
=SRC  \\$aISN01$bbibmp22.200404.2.aa
=SRC  \\$aSRI01$bbibmp25.200404.2.aa
=SRC  \\$aDSS03$bbibsr.200404.2.aa
=TCO  \\$aCLA$bCLA$c008
=LAS  \\$a8244$b40$c20210511$lBLL01$h0924

