=LDR  01140 as a2200349ua 4500
=001  012102367
=003  Uk
=005  20091123010300.0
=008  860812d1948\\\\enka|\p|||\\\||\\\||eng\\
=019  0\$as09170300x
=040  \\$aUk$cUk
=084  \\$aPM 72$2blsrissc
=110  2\$aNational Physical Laboratory (Great Britain).$bMathematics Division
=245  00$aProgress report on the automatic computing engine - [Mathematics Division, National Physical Laboratory].
=260  \\$a[Teddington],$c1948-49.
=300  \\$c33cm.
=336  \\$atext$2rdacontent
=337  \\$aunmediated$2rdamedia
=338  \\$avolume$2rdacarrier
=852  11$aBritish Library$bDSC$hf510.78
=852  71$aBritish Library$bSTI$k(P)$hPM 72$m-E(1)$2blsrissc$31948-1949; [1st]-2nd.
=968  \\$aC
=CAT  \\$aCONV$b00$c20040425$lBLL90$h0851
=CAT  \\$aCONV$b00$c20040502$lBLL01$h1456
=CAT  \\$aUE-01$b00$c20060616$lBLL01$h0933
=CAT  \\$aBATCH$b00$c20091123$lBLL01$h0103
=FIN  \\$aY
=FMT  \\$a  SE
=LAS  \\$aBATCH$b00$c20091123$lBLL01$h0103
=LEO  \\$aMP25.0000012563
=SRC  \\$aSRI01$bbibmp25.200404.2.aa
=TCO  \\$aCLA$bCLA$c008

