=LDR  02004 am a2200601 a 4500
=001  010350804
=003  Uk
=005  20091122143300.0
=008  020624s2002\\\\enka\\\||\\\\\001\||eng\\
=FMT  \\$a  BK
=015  \\$aGBA2Y4779$2bnb
=019  y\$abA2Y4779
=019  9\$a0852960298
=019  a\$aG07685447
=019  0\$as677483007
=020  \\$a0852960298 :$c£45.00
=039  0\$a2697
=040  \\$aStDuBDS$dUk
=050  00$aTK2537
=082  04$a621.46$221
=084  \\$aRG 78$2blsrissc
=100  1\$aAcarnley, P. P.$q(Paul P.)
=245  10$aStepping motors :$ba guide to theory and practice /$cPaul Acarnley.
=250  \\$a4th ed.
=260  \\$aLondon :$bInstitution of Electrical Engineers,$cc2002.
=300  \\$avii, 159 p. :$bill. ;$c25 cm.
=336  \\$atext$2rdacontent
=337  \\$aunmediated$2rdamedia
=338  \\$avolume$2rdacarrier
=490  0\$aIEE control engineering series ;$vno. 63
=500  \\$aPrevious ed.: London : Peregrinus, 1992.
=504  \\$aIncludes bibliographical references and index.
=597  \\$aEnhanced$bSRIS DDC
=650  \0$aStepping motors.
=710  2\$aInstitution of Electrical Engineers.
=886  2\$2ukmarc$a910$b20$aIEE$xSee$aInstitution of Electrical Engineers$z710
=886  2\$2ukmarc$a910$b20$aSociety of Telegraph Engineers$xSee also$aInstitution of Electrical Engineers$z710
=886  2\$2blmarc$a010$b00$a2002405004
=852  41$aBritish Library$bDSC$i4362.7155
=852  71$aBritish Library$bSTI$k(B)$hRG 78$2blsrissc
=957  \\$a020531c
=CAT  \\$aCONV$b00$c20040425$lBLL90$h0538
=CAT  \\$aCONV$b00$c20040502$lBLL01$h1358
=CAT  \\$aglobal_upd$b40$c20060417$lBLL01$h1020
=CAT  \\$aBATCH$b00$c20091122$lBLL01$h1433
=FIN  \\$aY
=LEO  \\$aMP5.0000301729
=LEO  \\$aMP8.0001817957
=LEO  \\$aMP25.0000356716
=SRC  \\$aBNB03$bbibmp5.200404.2.aa
=SRC  \\$aDSC01$bbibmp8.200404.2.ac
=SRC  \\$aSRI01$bbibmp25.200404.2.aa
=LAS  \\$aBATCH$b00$c20091122$lBLL01$h1433

