=LDR  05253 am a2201237 a 4500
=001  010380849
=003  Uk
=005  20050602111108.0
=008  930125m19899999enkb\\\\\b\\\\000\0\eng\\
=FMT  \\$a  BK
=010  \\$a93676180
=015  \\$aGB9231123$2bnb
=016  7\$a010380849$2Uk
=019  y\$ab9231123
=019  9\$a1872207006
=019  0\$as58560701x
=020  \\$a1872207006 (v. 1 : pbk.) :$cNo price
=020  \\$a1872207014 (v. 1 : spiral) :$cNo price
=020  \\$a1872207022 (v. 2 : pbk.) :$cNo price
=020  \\$a1872207030 (v. 2 : spiral) :$cNo price
=020  \\$a1872207057 (v. 3 : pbk.) :$cNo price
=020  \\$a1872207049 (v. 3 : spiral) :$cNo price
=020  \\$a1872207065 (v. 4 : pbk.) :$cNo price
=020  \\$a1872207073 (v. 4 : spiral) :$cNo price
=020  \\$a1872207081 (v. 5 : pbk.) :$cNo price
=020  \\$a187220709X (v. 5 : spiral) :$cNo price
=020  \\$a1872207103 (v. 6 : pbk.) :$cNo price
=020  \\$a1872207111 (v. 6 : spiral) :$cNo price
=020  \\$a187220712X (v. 7 : pbk.) :$cNo price
=020  \\$a1872207138 (v. 8 : pbk.) :$cNo price
=020  \\$a1872207146 (v. 9 : pbk.) :$cNo price
=020  \\$a1872207197 (v. 10 : pbk.) :$cNo price
=020  \\$a1872207227 (v. 11 : pbk.) :$cNo price
=020  \\$a1872207308 (v. 12 : pbk.) :$cNo price
=040  \\$aUk$cUk
=050  00$aG1046.C55$bD4 1989
=082  00$a551.220223$222
=100  10$aDegg, Martin R.
=245  10$aEarthquake hazard atlas :$bbased on the R.O.A. earthquake hazard zonation scheme /$cdevised by Martin R. Degg ; edited by J.C. Doornkamp.
=260  \\$aLondon :$bReinsurance Offices Association,$c1989-
=300  \\$av. :$bmaps (some col.) ;$c32 cm.
=336  \\$atext$2rdacontent
=337  \\$aunmediated$2rdamedia
=338  \\$avolume$2rdacarrier
=505  0\$av. 1, Israel -- v. 2, Egypt -- v. 3, Italy (with southern Europe regional analysis) -- v. 4, Turkey -- v. 5, Greece -- v. 6, France -- v. 7, Iberia (Portugal and Spain) including the Azores, Balearics, Canary and Madeira Islands -- v. 8, Mexico (incorporating a regional analysis for Middle America) -- v. 9, South Africa, Lesotho & Swaziland, (Central & Southern Africa regional analysis) -- v. 10, Colombia (with South America regional analysis) -- v. 11, Perú -- v. 12, Chile.
=500  \\$aVol. 3 - 10 published by the London Insurance and Reinsurance Market Association, based upon the LIRMA earthquake hazard zonation scheme.
=500  \\$aVol. 11, 12 published by the International Underwriting Association of London, based on upon the IUA Earthquake Hazard Zonation Scheme.
=504  \\$aIncludes bibliographical references.
=650  \0$aEarthquake hazard analysis$vMaps.
=650  \0$aInsurance, Earthquake.
=700  1\$aDoornkamp, J. C.$q(John Charles).
=710  2\$aReinsurance Offices Association.
=710  2\$aLondon Insurance and Reinsurance Market Association.
=710  2\$aInternational Underwriting Association of London.
=852  71$aBritish Library$bSTI$cRES$k(B)$hNX 660$ivol. 6$2blsrissc
=852  71$aBritish Library$bSTI$cRES$k(B)$hNX 660$ivol. 5$2blsrissc
=852  71$aBritish Library$bSTI$cRES$k(B)$hNX 660$ivol. 8$2blsrissc
=852  71$aBritish Library$bSTI$cRES$k(B)$hNX 660$ivol. 7$2blsrissc
=852  71$aBritish Library$bSTI$cRES$k(B)$hNX 660$ivol. 10$2blsrissc
=852  71$aBritish Library$bSTI$cRES$k(B)$hNX 660$ivol. 11$2blsrissc
=852  71$aBritish Library$bSTI$cRES$k(B)$hNX 660$ivol. 9$2blsrissc
=852  71$aBritish Library$bSTI$cRES$k(B)$hNX 660$2blsrissc
=852  71$aBritish Library$bSTI$cRES$k(B)$hNX 660$ivol. 2$2blsrissc
=852  71$aBritish Library$bSTI$cRES$k(B)$hNX 660$ivol. 3$2blsrissc
=852  71$aBritish Library$bSTI$cRES$k(B)$hNX 660$ivol. 4$2blsrissc
=852  71$aBritish Library$bSTI$cRES$k(B)$hNX 660$ivol. 1$2blsrissc
=852  41$aBritish Library$bSTI$ivol. 12
=957  \\$aCR
=957  \\$a000728c
=957  \\$a991221c
=CAT  \\$aCONV$b00$c20040425$lBLL90$h0614
=CAT  \\$aCONV$b00$c20040502$lBLL01$h1359
=CAT  \\$a10746$b40$c20050602$lBLL01$h1111
=CAT  \\$aWR16_021$c20160609$lBLL01$h1956
=CAT  \\$aBATCH-UPD$b00$c20160609$lBLL01$h2132
=CAT  \\$a5194$b40$c20170725$lBLL01$h0844
=CAT  \\$aBATCH-UPD$b40$c20170725$lBLL01$h0844
=FIN  \\$aY
=LEO  \\$aMP5.0001429646
=LEO  \\$aMP25.0000276661
=LEO  \\$aMP25.0000276660
=LEO  \\$aMP5.0001429647
=LEO  \\$aMP25.0000276662
=LEO  \\$aMP5.0001429648
=LEO  \\$aMP25.0000276663
=LEO  \\$aMP5.0001429649
=LEO  \\$aMP25.0000276664
=LEO  \\$aMP25.0000341299
=LEO  \\$aMP5.0001863269
=LEO  \\$aMP5.0001863270
=LEO  \\$aMP25.0000341298
=LEO  \\$aMP5.0001863271
=LEO  \\$aMP25.0000341300
=LEO  \\$aMP5.0001863272
=LEO  \\$aMP25.0000341301
=LEO  \\$aMP5.0001863273
=LEO  \\$aMP25.0000341296
=LEO  \\$aMP5.0001863275
=LEO  \\$aMP25.0000341297
=LEO  \\$aMP5.0001863277
=LEO  \\$aMP25.0000336260
=SID  \\$aZ39$bLOC
=SRC  \\$aBNB03$bbibmp5.200404.2.ad
=SRC  \\$aBNB03$bbibmp5.200404.2.ac
=SRC  \\$aSRI01$bbibmp25.200404.2.aa
=LAS  \\$aBATCH-UPD$b40$c20170725$lBLL01$h0844

