=LDR  03474cam a2200901 a 4500
=001  010381581
=003  Uk
=005  20221231194106.0
=008  981123s1998\\\\enk\\\\||\\\\\001\||eng\\
=FMT  \\$a  BK
=015  \\$aGB98Y6465$2bnb
=019  y\$ab98Y6465
=019  9\$a042162440x
=019  a\$aG05966686
=019  0\$as643658009
=020  \\$a042162440X (pbk) :$c£20.00
=039  0\$a2518
=040  \\$aStDuBDS$dUk
=050  00$aK1401
=082  04$a341.758$221
=084  \\$aBG 00$2blsrissc
=245  00$aIntellectual property and ethics /$cedited by Lionel Bently and Spyros M. Maniatis.
=260  \\$aLondon :$bSweet & Maxwell,$c1998.
=300  \\$axxii,239p. ;$c25cm.
=336  \\$atext$2rdacontent
=337  \\$aunmediated$2rdamedia
=338  \\$avolume$2rdacarrier
=490  1\$aPerspectives on intellectual property series ;$vv. 4
=500  \\$aIncludes index.
=504  \\$aIncludes bibliographical references and index.
=590  \\$a"In association with the I.P. Unit, Queen Mary & Westfield College, University of London."
=540  \\$aCurrent Copyright Fee: GBP25.00$c0$5Uk
=650  \0$aIntellectual property (International law)
=650  \0$aLaw and ethics.
=700  1\$aManiatis, Spyros M.
=700  1\$aBently, Lionel,$d1964-
=886  2\$2blmarc$a010$b00$a99169949
=830  \0$aPerspectives on intellectual property series ;$vv. 4.
=852  41$aBritish Library$bDSC$i6428.143710
=852  71$aBritish Library$bSTI$k(B)$hBG 00$2blsrissc
=957  \\$a981112c
=CAT  \\$aCONV$b00$c20040425$lBLL90$h0619
=CAT  \\$aCONV$b00$c20040502$lBLL01$h1359
=CAT  \\$aglobal_upd$b40$c20060417$lBLL01$h1023
=CAT  \\$aBATCH$b00$c20091122$lBLL01$h1442
=CAT  \\$aBATCH$b00$c20091217$lBLL01$h0142
=CAT  \\$aBATCH-CLA$b00$c20120928$lBLL01$h1823
=CAT  \\$aBATCH-CLA$b00$c20120930$lBLL01$h1023
=CAT  \\$aBATCH-CLA$b00$c20130508$lBLL01$h0704
=CAT  \\$aBATCH-CLA$c20131218$lBLL01$h2241
=CAT  \\$aIPL-CLA$c20131231$lBLL01$h2103
=CAT  \\$aBATCH-CLA$b00$c20161222$lBLL01$h1730
=CAT  \\$aBATCH-UPD$b00$c20161223$lBLL01$h1852
=CAT  \\$aIPL-CLA$c20161230$lBLL01$h1934
=CAT  \\$aBATCH-CLA$b00$c20171222$lBLL01$h2033
=CAT  \\$aIPL-CLA$c20171231$lBLL01$h1506
=CAT  \\$aBATCH-CLA$b00$c20191219$lBLL01$h1655
=CAT  \\$aIPL-CLA$c20191231$lBLL01$h1821
=CAT  \\$aBATCH-CLA$b00$c20201204$lBLL01$h1453
=CAT  \\$aIPL-CLA$c20201231$lBLL01$h2029
=CAT  \\$aBATCH-CLA$b00$c20221221$lBLL01$h1800
=CAT  \\$aIPL-CLA$c20221231$lBLL01$h1941
=CFI  0\$aCurrent Copyright Fee: GBP25.00$c0$e01-jan-2023$fGBP25.00$g0$hA$5Uk
=CFI  2\$aPrevious Copyright Fee: GBP22.50$c0$e01-jan-2021$fGBP22.50$g0$hA$5Uk
=FIN  \\$aY
=LEO  \\$aMP5.0001602749
=LEO  \\$aMP8.0001611853
=LEO  \\$aMP25.0000326783
=SRC  \\$aBNB03$bbibmp5.200404.2.ac
=SRC  \\$aDSC01$bbibmp8.200404.2.ac
=SRC  \\$aSRI01$bbibmp25.200404.2.aa
=TCO  \\$aCLA$bCLA$c008
=ACF  \\$aPrevious copyright fee: GBP12.00$c0$e01-jan-2012$fGBP12.00$g0$hA$5Uk
=ACF  \\$aPrevious Copyright Fee: GBP12.30$c0$e01-jan-2014$fGBP12.30$g0$hA$5Uk
=ACF  \\$aPrevious Copyright Fee: GBP15.00$c0$e01-jan-2017$fGBP15.00$g0$hA$5Uk
=ACF  \\$aPrevious Copyright Fee: GBP17.50$c0$e01-jan-2018$fGBP17.50$g0$hA$5Uk
=ACF  \\$aPrevious Copyright Fee: GBP20.00$c0$e01-jan-2020$fGBP20.00$g0$hA$5Uk
=LAS  \\$aIPL-CLA$b00$c20221231$lBLL01$h1941

