=LDR  03026cam a2200805 a 4500
=001  010979753
=003  Uk
=005  20230331162729.0
=008  011126s2002\\\\enk\\\\||\\\\\001\||eng\\
=FMT  \\$a  BK
=015  \\$aGBA1U5011$2bnb
=019  y\$abA1U5011
=019  9\$a041527267x
=019  g\$aadv5003168152
=019  a\$aG07330852
=019  0\$as680878009
=020  \\$a041527267X :$c£110.00
=039  0\$a2713
=040  \\$aStDuBDS$dUk
=082  04$a515.353$221
=084  \\$aPB 62$2blsrissc
=100  10$aPoli︠a︡nin, A. D.$q(Andreĭ Dmitrievich)
=245  10$aHandbook of first order partial differential equations /$cA.D. Polyanin, V.F. Zaitsev and A. Moussiaux.
=260  \\$aLondon :$bTaylor & Francis,$c2002.
=300  \\$axiv, 500 p. ;$c26 cm.
=336  \\$atext$2rdacontent
=337  \\$aunmediated$2rdamedia
=338  \\$avolume$2rdacarrier
=490  1\$aDifferential and integral equations and their applications ;$vv. 1
=504  \\$aIncludes bibliographical references and index.
=597  \\$aEnhanced$bSRIS DDC
=540  \\$aCurrent Copyright Fee: GBP34.00$c0$5Uk
=650  \0$aDifferential equations, Partial.
=650  \0$aFirst-order logic.
=700  1\$aZaĭt︠s︡ev, V. F.$q(Valentin F.)
=700  1\$aMoussiaux, Alain.
=886  2\$2ukmarc$a900$b10$aZaĭt︠s︡ev$hValentin F.$xSee$aZaĭt︠s︡ev, V. F. (Valentin F.)$z700
=886  2\$2ukmarc$a900$b10$aSajzew$hV. F.$xSee$aZaĭt︠s︡ev, V. F. (Valentin F.)$z700
=886  2\$2ukmarc$a900$b10$aMoussiaux$hA.$kAlain$xSee$aMoussiaux, Alain$z700/1
=830  \0$aDifferential and integral equations and their applications ;$vv. 1.
=852  41$aBritish Library$bDSC$i3584.1675
=852  71$aBritish Library$bSTI$k(B)$hPB 62$2blsrissc
=945  \\$aDifferential and Integral Equations and their applications ; v 1
=957  \\$a020927c
=957  \\$r1/10/02$tM/32642-07
=CAT  \\$aCONV$b00$c20040425$lBLL90$h0534
=CAT  \\$aCONV$b00$c20040502$lBLL01$h1419
=CAT  \\$a8456$b40$c20041202$lBLL01$h1326
=CAT  \\$aglobal_upd$b40$c20060417$lBLL01$h1138
=CAT  \\$aBATCH$b00$c20091122$lBLL01$h1629
=CAT  \\$aBATCH$b00$c20091217$lBLL01$h0208
=CAT  \\$aBATCH-CLAB$c20220330$lBLL01$h1619
=CAT  \\$aBATCH-UPD$b00$c20220330$lBLL01$h1946
=CAT  \\$aIPL-CLA$c20220331$lBLL01$h2202
=CAT  \\$aBATCH-CLAB$c20230324$lBLL01$h1324
=CAT  \\$aIPL-CLA$c20230331$lBLL01$h1627
=CFI  0\$aCurrent Copyright Fee: GBP34.00$c0$e01-apr-2023$fGBP34.00$g0$hC$5Uk
=CFI  2\$aPrevious Copyright Fee: GBP28.00$c0$e01-apr-2022$fGBP28.00$g0$hC$5Uk
=FIN  \\$aY
=LDO  \\$aCIP$bhbk
=LEO  \\$aMP5.0000143207
=LEO  \\$aMP5.0001601457
=LEO  \\$aMP8.0001756604
=LEO  \\$aMP25.0000359072
=SRC  \\$aBNB03$bbibmp5.200404.2.aa
=SRC  \\$aBNB03$bbibmp5.200404.2.ac
=SRC  \\$aDSC01$bbibmp8.200404.2.ac
=SRC  \\$aSRI01$bbibmp25.200404.2.aa
=SRC  \\$aLDS01$bbiblm.200404.2.aa
=LAS  \\$aIPL-CLA$b00$c20230331$lBLL01$h1627

