=LDR  03666cas a2200853u  4500
=001  008223837
=003  Uk
=005  20221231184351.0
=008  910205c19uu9999sp\a|\p|||\\\||\\\||spa\\
=FMT  \\$a  SE
=019  0\$as570929008
=019  c\$a2436571
=040  \\$aUk$cUk
=082  04$a615.1029446$221
=084  \\$aAA 683$2blsrissc
=084  \\$aAA 628$2blsrissc
=245  00$aAnuario español de especialidades farmacéuticas publicitarias y para-farmacia.
=260  \\$aBarcelona :$bPuntex.
=300  \\$c25cm.
=336  \\$atext$2rdacontent
=337  \\$aunmediated$2rdamedia
=338  \\$avolume$2rdacarrier
=540  \\$aCurrent Copyright Fee: GBP25.00$c0$5Uk
=886  2\$2blmarc$a092$b00$a1563.479000n
=852  71$aBritish Library$bSTI$k(B)$hAA 683$mBusiness$2blsrissc$3Current issue ; 0000-issue 17 (1999) ;
=852  71$aBritish Library$bSTI$cRES$kAA 683$3Earlier issues
=945  \\$aANUARIO ESPANOL DE ESPECIALIDADES FARMACEUTICAS PUBLICITARIAS Y PARAFARMICIA.
=979  \\$aBritish Library$bDSC$j1563.479000N
=CAT  \\$aCONV$b00$c20040425$lBLL90$h0857
=CAT  \\$aBATCH-UPD$b00$c20100225$lBLL01$h2315
=CAT  \\$aBATCH-UPD$b00$c20100331$lBLL01$h2103
=CAT  \\$aBATCH-UPD$b00$c20100401$lBLL01$h0043
=CAT  \\$aBATCH$b00$c20100401$lBLL01$h0352
=CAT  \\$aBATCH$b00$c20100401$lBLL01$h1357
=CAT  \\$aBATCH-UPD$b00$c20101124$lBLL01$h1743
=CAT  \\$aBATCH-UPD$b00$c20101125$lBLL01$h1007
=CAT  \\$aIPL-CLA$c20101231$lBLL01$h1218
=CAT  \\$aWR11_203$c20111204$lBLL01$h1308
=CAT  \\$aIPL-CLA$c20111230$lBLL01$h1722
=CAT  \\$aBATCH-CLA$b00$c20121104$lBLL01$h1036
=CAT  \\$aWR13.005$c20130323$lBLL01$h1231
=CAT  \\$aBATCH-CLA$c20131217$lBLL01$h0131
=CAT  \\$aIPL-CLA$c20131231$lBLL01$h1914
=CAT  \\$aBATCH-CLA$b00$c20161222$lBLL01$h1703
=CAT  \\$aIPL-CLA$c20161230$lBLL01$h1827
=CAT  \\$aBATCH-CLA$b00$c20171222$lBLL01$h1959
=CAT  \\$aIPL-CLA$c20171231$lBLL01$h1402
=CAT  \\$aBATCH-CLA$b00$c20191219$lBLL01$h1628
=CAT  \\$aIPL-CLA$c20191231$lBLL01$h1730
=CAT  \\$aR2001-1524$c20200127$lBLL01$h1927
=CAT  \\$aBATCH-CLA$b00$c20201204$lBLL01$h1424
=CAT  \\$aIPL-CLA$c20201231$lBLL01$h1928
=CAT  \\$aBATCH-CLA$b00$c20221221$lBLL01$h1728
=CAT  \\$aIPL-CLA$c20221231$lBLL01$h1843
=CFI  0\$aCurrent Copyright Fee: GBP25.00$c0$e01-jan-2023$fGBP25.00$g0$hA$5Uk
=CFI  2\$aPrevious Copyright Fee: GBP22.50$c0$e01-jan-2021$fGBP22.50$g0$hA$5Uk
=FIN  \\$aY
=LEO  \\$aMP10.0000068887
=LEO  \\$aMP25.0000261708
=SRC  \\$aDSS01$bbibmp10.200404.2.aa
=SRC  \\$aSRI01$bbibmp25.200404.2.aa
=TCO  \\$aESP$bCEDRO$c008
=ACF  \\$aPrevious copyright fee: GBP9.00$c0$e01-apr-2010$fGBP9.00$g0$hA$5Uk
=ACF  \\$aPrevious copyright fee: GBP6.00$c0$e01-apr-2008$fGBP6.00$g0$hA$5Uk
=ACF  \\$aPrevious copyright fee: GBP5.00$c0$e01-jul-2002$fGBP5.00$g0$hA$5Uk
=ACF  \\$aCurrent copyright fee: GBP4.40$c0$e01-jul-1998$fGBP4.40$g0$hA$5Uk
=ACF  \\$aCurrent copyright fee: GBP4.20$c0$e01-apr-1997$fGBP4.20$g0$hA$5Uk
=ACF  \\$aPrevious copyright fee: GBP10.50$c0$e01-jan-2011$fGBP10.50$g0$hA$5Uk
=ACF  \\$aPrevious copyright fee: GBP12.00$c0$e01-jan-2012$fGBP12.00$g0$hA$5Uk
=ACF  \\$aPrevious Copyright Fee: GBP12.30$c0$e01-jan-2014$fGBP12.30$g0$hA$5Uk
=ACF  \\$aPrevious Copyright Fee: GBP15.00$c0$e01-jan-2017$fGBP15.00$g0$hA$5Uk
=ACF  \\$aPrevious Copyright Fee: GBP17.50$c0$e01-jan-2018$fGBP17.50$g0$hA$5Uk
=ACF  \\$aPrevious Copyright Fee: GBP20.00$c0$e01-jan-2020$fGBP20.00$g0$hA$5Uk
=LAS  \\$aIPL-CLA$b00$c20221231$lBLL01$h1843

