=LDR  04985 as a2201117 i 4500
=001  008537616
=003  Uk
=005  20191231173713.0
=007  ta
=008  970610c19969999enkwr\p\\\\\\\0\\\a0eng\\
=FMT  \\$a  SE
=015  \\$aGBA564137$2bnb
=019  c\$a2548838
=022  0\$a1368-7425$202
=040  \\$aUk$beng$cUk$dUk
=042  \\$aissnuk$aukblsr
=082  04$a338.476655094305$222
=210  0\$aFSU energy
=222  \0$aFSU energy
=245  00$aFSU energy
=260  \\$a[London] :$bPetroleum Argus.
=260  3\$aLondon :$bArgus Media.
=300  \\$av. :$bill., maps ;$c30 cm.
=336  \\$atext$2rdacontent
=337  \\$aunmediated$2rdamedia
=338  \\$avolume$2rdacarrier
=500  \\$aDescription based on: Vol. x, 10 (11 Mar. 2005)
=540  \\$aBritish Library not licensed to copy$c0$5Uk
=650  \0$aPetroleum industry and trade$zFormer soviet republics$vPeriodicals.
=650  \0$aGas industry$zFormer soviet republics$vPeriodicals.
=650  \0$aPetroleum industry and trade$zEurope, Eastern$vPeriodicals.
=650  \0$aGas industry$zEurope, Central$vPeriodicals.
=690  7\$aManagement and Business Studies$2blcoll
=710  2\$aPetroleum Argus (Agency)
=776  0\$tFSU energy (Online)$x2515-7264
=886  2\$2blmarc$a092$b00$a4047.364300n
=852  41$aBritish Library$bSTI$cRES$3Earlier issues
=852  11$aBritish Library$bSTI$k(P)$h338.476655094305$m-E(1) Business$3Vol. 10, no. 10 (Mar. 2005)-v. 14, no. 24 (2009)***Title now taken as electronic copy***Last 4 years only
=945  \\$aFSU ENERGY.
=963  \\$aVOL. 1//NO. 30, 1996- *A=1$bN$cU
=979  \\$aBritish Library$bDSC$j4047.364300N
=A02  \\$a2548838
=CAT  \\$aCONV$b00$c20040425$lBLL90$h0703
=CAT  \\$aIPL-CLA$c20110331$lBLL01$h1433
=CAT  \\$aBATCH-CLA$b00$c20110531$lBLL01$h1648
=CAT  \\$aIPL-CLA$c20110630$lBLL01$h1514
=CAT  \\$aBATCH-CLA$b00$c20110831$lBLL01$h1813
=CAT  \\$aIPL-CLA$c20110930$lBLL01$h1513
=CAT  \\$aBATCH-CLA$b00$c20111130$lBLL01$h1217
=CAT  \\$aIPL-CLA$c20111230$lBLL01$h1730
=CAT  \\$aBATCH-CLA$b00$c20120229$lBLL01$h1641
=CAT  \\$aIPL-CLA$c20120330$lBLL01$h1359
=CAT  \\$aBATCH-CLA$b00$c20120531$lBLL01$h1708
=CAT  \\$aIPL-CLA$c20120629$lBLL01$h0956
=CAT  \\$aBATCH-CLA$b00$c20120831$lBLL01$h1536
=CAT  \\$aIPL-CLA$c20120930$lBLL01$h2014
=CAT  \\$aBATCH-CLA$b00$c20121104$lBLL01$h1029
=CAT  \\$aWR13.005$c20130323$lBLL01$h1326
=CAT  \\$aWR14_140$c20140905$lBLL01$h1729
=CAT  \\$aBATCH-CLA$b00$c20150227$lBLL01$h1628
=CAT  \\$aIPL-CLA$c20150331$lBLL01$h1618
=CAT  \\$aBATCH-CLA$b00$c20161130$lBLL01$h1635
=CAT  \\$aIPL-CLA$c20161230$lBLL01$h1835
=CAT  \\$a3072$b40$c20171026$lBLL01$h1715
=CAT  \\$aBATCH-CLA$b00$c20171130$lBLL01$h1705
=CAT  \\$aIPL-CLA$c20171231$lBLL01$h1410
=CAT  \\$aBATCH-CLA$b00$c20191129$lBLL01$h1628
=CAT  \\$aIPL-CLA$c20191231$lBLL01$h1737
=CFI  0\$aBritish Library not licensed to copy$c0$e01-jan-2020$hC$iCFP Excluded$5Uk
=CFI  2\$aPrevious Copyright Fee: GBP17.50$c0$e01-jan-2018$fGBP17.50$g0$hC$5Uk
=FIN  \\$aY
=LEO  \\$aMP22.0000054966
=LEO  \\$aMP10.0000240548
=SRC  \\$aISN01$bbibmp22.200404.2.aa
=SRC  \\$aDSS01$bbibmp10.200404.2.aa
=TCO  \\$aCLA$bCLA$c008
=ACF  \\$aPrevious Copyright Fee: GBP12.00$c0$e01-apr-2012$fGBP12.00$g0$hC$5Uk
=ACF  \\$aPrevious Copyright Fee: GBP12.00$c0$e01-jan-2012$fGBP12.00$g0$hC$5Uk
=ACF  \\$aPrevious Copyright Fee: GBP10.50$c0$e01-oct-2011$fGBP10.50$g0$hC$5Uk
=ACF  \\$aPrevious Copyright Fee: GBP10.50$c0$e01-jul-2011$fGBP10.50$g0$hC$5Uk
=ACF  \\$aPrevious Copyright Fee: GBP10.50$c0$e01-apr-2011$fGBP10.50$g0$hC$5Uk
=ACF  \\$aPrevious Copyright Fee: GBP10.50$c0$e01-jan-2011$fGBP10.50$g0$hC$5Uk
=ACF  \\$aPrevious Copyright Fee: GBP9.00$c0$e01-oct-2010$fGBP9.00$g0$hC$5Uk
=ACF  \\$aPrevious Copyright Fee: GBP9.00$c0$e01-jul-2010$fGBP9.00$g0$hC$5Uk
=ACF  \\$aPrevious Copyright Fee: GBP9.00$c0$e01-apr-2010$fGBP9.00$g0$hC$5Uk
=ACF  \\$aPrevious Copyright Fee: GBP9.00$c0$e01-Jan-2010$fGBP9.00$g0$hC$5Uk
=ACF  \\$aPrevious Copyright Fee: GBP6.00$c0$e01-oct-2009$fGBP6.00$g0$hC$5Uk
=ACF  \\$aPrevious copyright fee: GBP6.00$c0$e01-apr-2008$fGBP6.00$g0$hA$5Uk
=ACF  \\$aPrevious copyright fee: GBP5.00$c0$e01-jul-2002$fGBP5.00$g0$hA$5Uk
=ACF  \\$aCurrent copyright fee: GBP4.40$c0$e01-jul-1998$fGBP4.40$g0$hA$5Uk
=ACF  \\$aCurrent copyright fee: GBP4.20$c0$e01-apr-1997$fGBP4.20$g0$hA$5Uk
=ACF  \\$aPrevious Copyright Fee: GBP12.00$c0$e01-jul-2012$fGBP12.00$g0$hC$5Uk
=ACF  \\$aPrevious Copyright Fee: GBP12.00$c0$e01-oct-2012$fGBP12.00$g0$hC$5Uk
=ACF  \\$aPrevious Copyright Fee: GBP12.30$c0$e01-apr-2015$fGBP12.30$g0$hC$5Uk
=ACF  \\$aPrevious Copyright Fee: GBP15.00$c0$e01-jan-2017$fGBP15.00$g0$hC$5Uk
=LAS  \\$aIPL-CLA$b00$c20191231$lBLL01$h1737

