=LDR  00734 am a2200265u  4500
=001  008878940
=003  Uk
=005  20091209025100.0
=007  c|||||
=008  040422||||||||||||\\\\|s\\\\\000\||eng\|
=FMT  \\$a  BK
=019  s\$aoagh20500
=040  \\$aUk$cUk
=245  00$aGlobal Books in Print.
=336  \\$atext$2rdacontent
=337  \\$acomputer$2rdamedia
=852  \\$aBritish Library$bHMNTS$cSPHOA
=852  11$aBritish Library$bHMNTS$cSPHOA$kHRR$hCD-ROM
=CAT  \\$aCONV$b00$c20040425$lBLL90$h0846
=CAT  \\$aCONV$b00$c20040502$lBLL01$h1307
=CAT  \\$aBATCH$b00$c20091209$lBLL01$h0251
=FIN  \\$aY
=LEO  \\$aMP37.0000018884
=SRC  \\$aSPH01$bbibmp37h.200404.2.aa
=LAS  \\$aBATCH$b00$c20091209$lBLL01$h0251

