=LDR  01671 am a2200457ua 4500
=001  008880869
=003  Uk
=005  20150802210600.0
=008  020724s2000\\\\xxua\\\||bc\\\001\||eng\\
=FMT  \\$a  BK
=019  1\$abld00J0617
=019  s\$aoamu01699
=020  \\$a0945193785
=040  \\$aDLC$cDLC$dUk
=082  04$a016.78092$221
=100  10$aDe Catanzaro, Christine D.
=245  10$aAnton Cajetan Adlgasser (1729-1777) :$ba thematic catalogue of his works /$cby Christine D. de Catanzaro and Werner Rainer.
=260  \\$aHillsdale, N.Y. :$bPendragon Press,$cc2000.
=300  \\$axl, 311 p. :$bill. ;$c27 cm.
=336  \\$atext$2rdacontent
=337  \\$aunmediated$2rdamedia
=338  \\$avolume$2rdacarrier
=490  1\$aThematic catalogues ;$vno. 22
=504  \\$aIncludes bibliographical references (p. xxv-xxxvi) and indexes.
=600  14$aAdlgasser, Anton Cajetan,$d1729-1777$vThematic catalogs.
=650  \0$aComposers$zGermany$vThematic catalogs.
=700  1\$aRainer, Werner.
=886  2\$2ukmarc$a900$b10$aCatanzaro$hChristine D. de$xSee$aDe Catanzaro, Christine D.$z100
=830  \0$aThematic catalogues ;$vno. 22.
=852  41$aBritish Library$bMUSIC$cREF$kM.R.Ref.$h789$mADL
=852  11$aBritish Library$bHMNTS$cSPHOA$kMUS$h789$mADL
=957  \\$a020724p
=CAT  \\$aCONV$b00$c20040425$lBLL90$h0847
=CAT  \\$aCONV$b00$c20040502$lBLL01$h1307
=CAT  \\$aBATCH$b00$c20091122$lBLL01$h0944
=CAT  \\$aBATCH$b00$c20091217$lBLL01$h0029
=CAT  \\$aBATCH-UPD$b00$c20150802$lBLL01$h2106
=FIN  \\$aY
=LEO  \\$aMP13.0000102731
=SRC  \\$aHSS01$bbibmp13.200404.2.aa
=LAS  \\$aBATCH-UPD$b00$c20150802$lBLL01$h2106

