=LDR  03673cas a22008897a 4500
=001  008892182
=003  Uk
=005  20230210004719.0
=007  ta
=008  841105d19721973xxkbr\p\\\\\\\0\\\a0eng\\
=FMT  \\$a  SE
=019  0\$as237070022
=022  0\$a0267-0569$202
=040  \\$aUk$cUk$dUk
=042  \\$aissnuk
=084  \\$aCA 05$2blsrissc
=084  \\$aOG 70$2blsrissc
=210  0\$aGeo abstr., D Soc. geogr. cartogr.
=222  \0$aGeo abstracts. D, Social geography and cartography
=245  00$aGeo abstracts.$nD,$pSocial geography and cartography.
=260  \\$aNorwich :$bGeo Abstracts,$c1972-1973.
=300  \\$c22cm.
=310  \\$aEvery two months
=336  \\$atext$2rdacontent
=337  \\$aunmediated$2rdamedia
=338  \\$avolume$2rdacarrier
=540  \\$aCurrent Copyright Fee: GBP34.00$c0$5Uk
=780  00$tGeographical abstracts. D, Social geography and cartography$x0016-7355
=785  00$tGeo abstracts. D, Social and historical geography$x0305-1927
=886  2\$2blmarc$a029$b00$aS237070014$aS237070030
=852  49$aBritish Library$bDSC$cQ$3See shelfmark 4116.760000
=852  71$aBritish Library$bSTI$k(A)$hCA 05$m-E(1)$2blsrissc$31972-1973; 1972-73
=CAT  \\$aCONV$b00$c20040425$lBLL90$h0853
=CAT  \\$a8201$b40$c20070523$lBLL01$h1204
=CAT  \\$a8201$b40$c20070523$lBLL01$h1205
=CAT  \\$aISSN$b40$c20070613$lBLL01$h1158
=CAT  \\$aBATCH-CLA$b00$c20080829$lBLL01$h1833
=CAT  \\$aBATCH-UPD$b00$c20080930$lBLL01$h2327
=CAT  \\$aBATCH$b00$c20081001$lBLL01$h0047
=CAT  \\$a6537$b40$c20090807$lBLL01$h1107
=CAT  \\$aBATCH$b00$c20091209$lBLL01$h0253
=CAT  \\$aBATCH-UPD$b00$c20101201$lBLL01$h1219
=CAT  \\$aIPL-CLA$c20101231$lBLL01$h1239
=CAT  \\$aWR11_203$c20111204$lBLL01$h1323
=CAT  \\$aIPL-CLA$c20111230$lBLL01$h1741
=CAT  \\$aBATCH-CLA$b00$c20121104$lBLL01$h1021
=CAT  \\$aBATCH-CLA$c20131217$lBLL01$h1742
=CAT  \\$aIPL-CLA$c20131231$lBLL01$h1942
=CAT  \\$aBATCH-CLA$b00$c20161222$lBLL01$h1711
=CAT  \\$aIPL-CLA$c20161230$lBLL01$h1845
=CAT  \\$aBATCH-CLA$b00$c20171222$lBLL01$h2009
=CAT  \\$aIPL-CLA$c20171231$lBLL01$h1420
=CAT  \\$aBATCH-CLA$b00$c20180831$lBLL01$h1628
=CAT  \\$aIPL-CLA$c20180930$lBLL01$h1453
=CAT  \\$aBATCH-CLA$b00$c20210227$lBLL01$h1013
=CAT  \\$aIPL-CLA$c20210331$lBLL01$h1835
=CAT  \\$aBATCH-CLA$b00$c20221130$lBLL01$h1447
=CAT  \\$aIPL-CLA$c20221231$lBLL01$h1859
=CAT  \\$aBATCH-CLA$b00$c20230209$lBLL01$h1534
=CAT  \\$aIPL-CLA$c20230210$lBLL01$h0047
=CFI  0\$aCurrent Copyright Fee: GBP34.00$c0$e09-feb-2023$fGBP34.00$g0$hC$5Uk
=CFI  2\$aBritish Library not licensed to copy$c0$e01-jan-2023$hC$iCFP Excluded$5Uk
=FIN  \\$aY
=LEO  \\$aMP22.0000014765
=LEO  \\$aMP25.0000093069
=SRC  \\$aISN01$bbibmp22.200404.2.aa
=SRC  \\$aSRI01$bbibmp25.200404.2.aa
=TCO  \\$aCLA$bCLA$c008
=ACF  \\$aPrevious Copyright Fee: GBP19.00$c0$e01-oct-2008$fGBP19.00$g0$hC$5Uk
=ACF  \\$aPrevious copyright fee: GBP10.50$c0$e01-jan-2011$fGBP10.50$g0$hA$5Uk
=ACF  \\$aPrevious copyright fee: GBP12.00$c0$e01-jan-2012$fGBP12.00$g0$hA$5Uk
=ACF  \\$aPrevious Copyright Fee: GBP12.30$c0$e01-jan-2014$fGBP12.30$g0$hA$5Uk
=ACF  \\$aPrevious Copyright Fee: GBP15.00$c0$e01-jan-2017$fGBP15.00$g0$hA$5Uk
=ACF  \\$aPrevious Copyright Fee: GBP17.50$c0$e01-jan-2018$fGBP17.50$g0$hA$5Uk
=ACF  \\$aPrevious Copyright Fee: GBP23.40$c0$e01-oct-2018$fGBP23.40$g0$hC$5Uk
=ACF  \\$aPrevious Copyright Fee: GBP34.00$c0$e01-apr-2021$fGBP34.00$g0$hC$5Uk
=LAS  \\$aIPL-CLA$b00$c20230210$lBLL01$h0047

