=LDR  02601 as a2200757 a 4500
=001  009084936
=003  Uk
=005  20210423103508.0
=006  aa\\\|||||||||||||
=007  ta
=008  960813d19962013enkuu\\\\\\\\\0\\\a0eng\\
=FMT  \\$a  SE
=015  \\$aGB9641280$2bnb
=019  y\$ab9641280
=019  9\$ab9641280
=019  0\$as67826600x
=022  0\$a1363-206X$202
=039  0\$a2391
=040  \\$aUk$cUk$dUk
=042  \\$aukblsr
=082  04$a338.47374941$221
=084  \\$aAJ 53$2blsrissc
=210  0\$aKey note mark. rep., Furth. high. educ.
=222  \0$aKey note market report. Further & higher education
=245  00$aKey note market report.$pFurther & higher education.
=246  3\$aKey note market report. Further and higher education
=246  30$aFurther & higher education
=260  \\$aHampton (Field House, 72, Oldfield Rd., Hampton, Middlesex, TW12 2HQ) :$bKey Note,$c1996-
=300  \\$av. :$bill. ;$c29cm.
=336  \\$atext$2rdacontent
=337  \\$aunmediated$2rdamedia
=338  \\$avolume$2rdacarrier
=362  0\$a1st ed. (1996)-
=597  \\$aEnhanced$bSRIS DDC
=650  \0$aPostsecondary education$zGreat Britain.
=650  \0$aMarket surveys$zGreat Britain.
=653  1\$aHigher education
=653  1\$aFurther education
=653  1\$aGreat Britain
=690  7\$aManagement and Business Studies$2blcoll
=710  2\$aKey Note Publications.
=852  \\$aBritish Library$bSTI$cBIPC
=852  71$aBritish Library$bSTI$cRES$k(XP)$hAJ 53$m-E(3)$2blsrissc$3Ed. 1 (19960-ed. 7 (2011)
=852  11$aBritish Library$bSTI$cBIPC$k(B) MKT$h378.47374941$mBusiness$3Ed. 8 (2013)***Title now taken as electronic copy only
=957  \\$a960417c
=CAT  \\$aCONV$b00$c20040425$lBLL90$h0555
=CAT  \\$aCONV$b00$c20040502$lBLL01$h1315
=CAT  \\$aglobal_upd$b40$c20060417$lBLL01$h1657
=CAT  \\$aBATCH$b00$c20090527$lBLL01$h1835
=CAT  \\$aWR09-126
=CAT  \\$aBATCH-UPD$b00$c20090904$lBLL01$h1714
=CAT  \\$aBATCH$b00$c20091122$lBLL01$h1005
=CAT  \\$a8124$b40$c20120201$lBLL01$h0802
=CAT  \\$aWR14_140$c20140905$lBLL01$h1732
=CAT  \\$a6490$b40$c20210423$lBLL01$h1035
=FIN  \\$aY
=LEO  \\$aMP5.0000835098
=LEO  \\$aMP22.0000050301
=LEO  \\$aMP25.0000357416
=SRC  \\$aDSS03$bbibsr.200404.2.aa
=SRC  \\$aBNB03$bbibmp5.200404.2.ab
=SRC  \\$aISN01$bbibmp22.200404.2.aa
=SRC  \\$aSRI01$bbibmp25.200404.2.aa
=SSD  \\$a25500{dollar}a1st ed. (1996)-; 74510{dollar}aFurther & higher education
=TCO  \\$aCLA$bCLA$c008
=LAS  \\$a6490$b40$c20210423$lBLL01$h1035

