=LDR  07583cas a2201585 a 4500
=001  009085240
=003  Uk
=005  20230210004800.0
=006  aac\\|||||||||||||
=007  ta
=008  960814c19959999enkar\p\\\\\\\0\\\a0eng\\
=FMT  \\$a  SE
=015  \\$aGB9653744$2bnb
=019  y\$ab9653744
=019  9\$ab9653744
=019  c\$a2533544
=019  0\$as617752001
=022  0\$a1364-4513$202
=039  0\$a2397
=040  \\$aUk$cUk$dUk
=042  \\$aissnuk
=082  04$a628.1620941$222
=084  \\$aSL 320$2blsrissc
=210  0\$aWet news
=222  \0$aWet news
=245  00$aWet news :$bwater & effluent treatment news.
=246  00$aWater & effluent treatment news
=260  \\$aRickmansworth (Turret House, 171 High Street, Rickmansworth, Herts., WD3 1SN) :$bTurret Group,$c1995-
=264  31$aEast Grinstead :$bFaversham House Ltd
=300  \\$av. :$bill. (some col.), ports. (some col.) ;$c42cm.
=310  \\$aFortnightly
=336  \\$atext$2rdacontent
=337  \\$aunmediated$2rdamedia
=338  \\$avolume$2rdacarrier
=362  0\$aVol.1, no.1 (1995)-
=500  \\$aDescription based on: Vol.2, issue 8 (1 May 1996)
=588  \\$aLatest issue consulted: volume 20, issue 5 (May 2014).
=595  \\$aSEE ALSO CARD INDEX.
=540  \\$aCurrent Copyright Fee: GBP25.00$c0$5Uk
=650  \0$aWater$xPurification$zGreat Britain$vPeriodicals.
=650  \0$aSewage$xPurification$zGreat Britain$vPeriodicals.
=653  1\$aWater supply$aProcessing
=653  1\$aGreat Britain
=886  2\$2blmarc$a092$b00$a9305.187700n
=852  71$aBritish Library$bSTI$cRES$k(OP)$hSL 320$m-E(7)$2blsrissc$31996- ; Vol.2, issue 8- ; Deficient: vol.2, issue 10***Bound volumes
=852  \\$aBritish Library$bSTI$cRES
=852  71$aBritish Library$bSTI$k(P)$hSL 320$m-E(7)$2blsrissc$3Vol. 2, issue 8 (1996)-v25, issue 5 (May 2019)***Unbound issues
=945  \\$aWET NEWS.
=957  \\$aCR
=963  \\$aVOL. 4(7), 1998- *A=1$bN$cL427:17.B.381
=979  \\$aBritish Library$bDSC$j9305.187700N$xNot selected
=985  \\$aRecord merged by DQ team
=A02  \\$a2533544
=CAT  \\$aCONV$b00$c20040425$lBLL90$h0555
=CAT  \\$aBATCH-CLA$b00$c20111130$lBLL01$h1154
=CAT  \\$aIPL-CLA$c20111230$lBLL01$h1743
=CAT  \\$aBATCH-CLA$b00$c20120229$lBLL01$h1600
=CAT  \\$aIPL-CLA$c20120330$lBLL01$h1402
=CAT  \\$aBATCH-CLA$b00$c20120531$lBLL01$h1716
=CAT  \\$aIPL-CLA$c20120629$lBLL01$h0958
=CAT  \\$aBATCH-CLA$b00$c20120831$lBLL01$h1545
=CAT  \\$aIPL-CLA$c20120930$lBLL01$h2018
=CAT  \\$aBATCH-CLA$b00$c20121104$lBLL01$h1019
=CAT  \\$aWR12_128$c20121113$lBLL01$h1841
=CAT  \\$aWR13.005$c20130329$lBLL01$h1246
=CAT  \\$aBATCH-CLA$b00$c20131129$lBLL01$h1645
=CAT  \\$aIPL-CLA$c20131231$lBLL01$h1945
=CAT  \\$a5110$b40$c20140623$lBLL01$h1344
=CAT  \\$aWR14_140$c20140905$lBLL01$h1732
=CAT  \\$aBATCH-CLA$b00$c20161130$lBLL01$h1630
=CAT  \\$aIPL-CLA$c20161230$lBLL01$h1848
=CAT  \\$aBATCH-CLA$b00$c20171130$lBLL01$h1708
=CAT  \\$aIPL-CLA$c20171231$lBLL01$h1423
=CAT  \\$aBATCH-CLA$b00$c20191129$lBLL01$h1621
=CAT  \\$aIPL-CLA$c20191231$lBLL01$h1746
=CAT  \\$aBATCH-CLA$b00$c20201126$lBLL01$h1417
=CAT  \\$aIPL-CLA$c20201231$lBLL01$h1947
=CAT  \\$aBATCH-CLA$b00$c20221130$lBLL01$h1441
=CAT  \\$aIPL-CLA$c20221231$lBLL01$h1902
=CAT  \\$aBATCH-CLA$b00$c20230209$lBLL01$h1528
=CAT  \\$aIPL-CLA$c20230210$lBLL01$h0048
=CFI  0\$aCurrent Copyright Fee: GBP25.00$c0$e09-feb-2023$fGBP25.00$g0$hC$5Uk
=CFI  2\$aBritish Library not licensed to copy$c0$e01-jan-2023$hC$iCFP Excluded$5Uk
=FIN  \\$aY
=LEO  \\$aMP25.0000308951
=LEO  \\$aMP5.0000836006
=LEO  \\$aMP10.0000609962
=LEO  \\$aMP22.0000051291
=SRC  \\$aSRI01$bbibmp25.200404.2.aa
=SRC  \\$aBNB03$bbibmp5.200404.2.ab
=SRC  \\$aDSS01$bbibmp10.200404.2.aa
=SRC  \\$aISN01$bbibmp22.200404.2.aa
=TCO  \\$aCLA$bCLA$c008
=ACF  \\$aBritish Library not licensed to copy$c0$e01-apr-2012$hC$iCLA Excluded$5Uk
=ACF  \\$aBritish Library not licensed to copy$c0$e01-jan-2012$hC$iCLA Excluded$5Uk
=ACF  \\$aBritish Library not licensed to copy$c0$e01-oct-2011$hC$iCLA Excluded$5Uk
=ACF  \\$aBritish Library not licensed to copy$c0$e01-jul-2011$hC$iCLA Excluded$5Uk
=ACF  \\$aBritish Library not licensed to copy$c0$e01-apr-2011$hC$iCLA Excluded$5Uk
=ACF  \\$aBritish Library not licensed to copy$c0$e01-jan-2011$hC$iCLA Excluded$5Uk
=ACF  \\$aBritish Library not licensed to copy$c0$e01-oct-2010$hC$iCLA Excluded$5Uk
=ACF  \\$aBritish Library not licensed to copy$c0$e01-jul-2010$hC$iCLA Excluded$5Uk
=ACF  \\$aBritish Library not licensed to copy$c0$e01-apr-2010$hC$iCLA Excluded$5Uk
=ACF  \\$aBritish Library not licensed to copy$c0$e01-Jan-2010$hC$iCLA Excluded$5Uk
=ACF  \\$aBritish Library not licensed to copy$c0$e01-oct-2009$hC$iCLA Excluded$5Uk
=ACF  \\$aBritish Library not licensed to copy$c0$e01-jul-2009$hC$iCLA Excluded$5Uk
=ACF  \\$aBritish Library not licensed to copy$c0$e01-apr-2009$hC$iCLA Excluded$5Uk
=ACF  \\$aPrevious Copyright Fee: GBP6.00$c0$e01-jan-2009$fGBP6.00$g0$hC$5Uk
=ACF  \\$aPrevious Copyright Fee: GBP6.00$c0$e01-oct-2008$fGBP6.00$g0$hC$5Uk
=ACF  \\$aPrevious Copyright Fee: GBP6.00$c0$e01-jul-2008$fGBP6.00$g0$hC$5Uk
=ACF  \\$aPrevious Copyright Fee: GBP5.00$c0$e01-apr-2008$fGBP5.00$g0$hC$5Uk
=ACF  \\$aPrevious Copyright Fee: GBP5.00$c0$e01-jan-2008$fGBP5.00$g0$hC$5Uk
=ACF  \\$aPrevious Copyright Fee: GBP5.00$c0$e01-oct-2007$fGBP5.00$g0$hC$5Uk
=ACF  \\$aPrevious Copyright Fee: GBP5.00$c0$e01-jul-2007$fGBP5.00$g0$hC$5Uk
=ACF  \\$aPrevious Copyright Fee: GBP5.00$c0$e01-apr-2007$fGBP5.00$g0$hC$5Uk
=ACF  \\$aPrevious Copyright Fee: GBP5.00$c0$e01-jan-2007$fGBP5.00$g0$hC$5Uk
=ACF  \\$aPrevious Copyright Fee: GBP5.00$c0$e01-oct-2006$fGBP5.00$g0$hC$5Uk
=ACF  \\$aPrevious Copyright Fee: GBP5.00$c0$e01-jul-2006$fGBP5.00$g0$hC$5Uk
=ACF  \\$aPrevious Copyright Fee: GBP5.00$c0$e01-apr-2006$fGBP5.00$g0$hC$5Uk
=ACF  \\$aPrevious Copyright Fee: GBP5.00$c0$e01-jan-2006$fGBP5.00$g0$hC$5Uk
=ACF  \\$aPrevious Copyright Fee: GBP5.00$c0$e01-oct-2005$fGBP5.00$g0$hC$5Uk
=ACF  \\$aPrevious Copyright Fee: GBP5.00$c0$e01-jul-2005$fGBP5.00$g0$hC$5Uk
=ACF  \\$aPrevious Copyright Fee: GBP5.00$c0$e01-apr-2005$fGBP5.00$g0$hC$5Uk
=ACF  \\$aPrevious Copyright Fee: GBP5.00$c0$e01-jan-2005$fGBP5.00$g0$hC$5Uk
=ACF  \\$aPrevious Copyright Fee: GBP5.00$c0$e01-oct-2004$fGBP5.00$g0$hC$5Uk
=ACF  \\$aPrevious copyright fee: GBP5.00$c0$e01-jul-2002$fGBP5.00$g0$hC$5Uk
=ACF  \\$aCurrent copyright fee: GBP4.40$c0$e01-jul-1998$fGBP4.40$g0$hA$5Uk
=ACF  \\$aCurrent copyright fee: GBP4.20$c0$e01-apr-1997$fGBP4.20$g0$hA$5Uk
=ACF  \\$aBritish Library not licensed to copy$c0$e01-jul-2012$hC$iCLA Excluded$5Uk
=ACF  \\$aBritish Library not licensed to copy$c0$e01-oct-2012$hC$iCFP Excluded$5Uk
=ACF  \\$aPrevious Copyright Fee: GBP12.30$c0$e01-jan-2014$fGBP12.30$g0$hC$5Uk
=ACF  \\$aPrevious Copyright Fee: GBP15.00$c0$e01-jan-2017$fGBP15.00$g0$hC$5Uk
=ACF  \\$aPrevious Copyright Fee: GBP17.50$c0$e01-jan-2018$fGBP17.50$g0$hC$5Uk
=ACF  \\$aPrevious Copyright Fee: GBP20.00$c0$e01-jan-2020$fGBP20.00$g0$hC$5Uk
=ACF  \\$aPrevious Copyright Fee: GBP22.50$c0$e01-jan-2021$fGBP22.50$g0$hC$5Uk
=LAS  \\$aIPL-CLA$b00$c20230210$lBLL01$h0048

