=LDR  02318cas a2200661ua 4500
=001  009529343
=003  Uk
=005  20220708100711.0
=008  960926d19942016enkuu\l\\\\\\\0\\\a0eng\\
=FMT  \\$a  SE
=015  \\$aGB9677829$2bnb
=019  y\$ab9677829
=019  9\$ab9677829
=019  1\$ab9677829
=019  s\$aoasp00667
=039  0\$a2410
=040  \\$aUk$cUk$dUk
=082  04$a658.300941$220
=245  00$aPersonnel assistant's handbook.
=246  1\$iTitle history:$aCroner's personnel assistant's handbook$f1994-May 2005
=260  \\$aKingston upon Thames :$bCroner,$c1994-2016
=264  31$aKingston upon Thames :$bWolters Kluwer (UK) Limited
=300  \\$av. (loose-leaf) ;$c21 cm.
=336  \\$atext$2rdacontent
=337  \\$aunmediated$2rdamedia
=338  \\$avolume$2rdacarrier
=362  0\$a[Main work]-
=500  \\$aKept up to date by supplements.
=500  \\$aRunning title: Personnel assistant's handbook.
=500  \\$aIn ring binder.
=588  \\$aLatest issue consulted: amendment service number 75 (November 2013).
=650  \0$aPersonnel management$zGreat Britain$vHandbooks, manuals, etc.
=653  1\$aPersonnel$aManagement
=653  1\$aGreat Britain
=690  7\$aManagement and Business Studies$2blcoll
=770  0\$tHR newsletter$x1757-4528
=785  04$tPractical HR administration
=852  11$aBritish Library$bHMNTS$cSPHOA$kOPL$h658.3$3[Main work]
=852  41$aBritish Library$bHMNTS$kOPL$h658.3$3[Amendment] no. 1-no.82 (Mar. 2016)
=CAT  \\$aCONV$b00$c20040425$lBLL90$h0847
=CAT  \\$aCONV$b00$c20040502$lBLL01$h1329
=CAT  \\$a8323$b40$c20051004$lBLL01$h1351
=CAT  \\$a8323$b40$c20080304$lBLL01$h0835
=CAT  \\$a8323$b40$c20080509$lBLL01$h1419
=CAT  \\$aBATCH$b00$c20090528$lBLL01$h1828
=CAT  \\$aBATCH$b00$c20091122$lBLL01$h1159
=CAT  \\$aBATCH-UPD$b00$c20101220$lBLL01$h1150
=CAT  \\$a11205$b40$c20131210$lBLL01$h1615
=CAT  \\$a11205$b40$c20131210$lBLL01$h1618
=CAT  \\$aWR14_140$c20140905$lBLL01$h1734
=CAT  \\$a6490$b40$c20220708$lBLL01$h1007
=FIN  \\$aY
=LEO  \\$aMP5.0000838009
=LEO  \\$aMP13.0000339198
=SRC  \\$aBNB03$bbibmp5.200404.2.ab
=SRC  \\$aHSS01$bbibmp13.200404.2.aa
=TCO  \\$aCLA$bCLA$c008
=LAS  \\$a6490$b40$c20220708$lBLL01$h1007

