=LDR  05980cas a2201177ua 4500
=001  009549026
=003  Uk
=005  20230210004953.0
=008  870428d1987\\\\enke|\p|||\\\||\\\||eng\\
=FMT  \\$a  SE
=019  0\$as265361028
=022  0\$a0269-8951$202
=040  \\$aUk$cUk
=084  \\$aFL 40$2blsrissc
=084  \\$aHA 20$2blsrissc
=084  \\$aFE 00$2blsrissc
=222  \0$aMedical science research
=245  00$aMedical science research.$pPsychology and psychiatry.
=260  \\$aBarking :$bElsevier Applied Science,$c1987.
=300  \\$c30cm.
=336  \\$atext$2rdacontent
=337  \\$aunmediated$2rdamedia
=338  \\$avolume$2rdacarrier
=580  \\$aContinuation of "International Research Communications System. IRCS medical science. Psychology and psychiatry", q.v.
=540  \\$aCurrent Copyright Fee: GBP34.00$c0$5Uk
=886  2\$2blmarc$a029$b00$aS26536101X
=852  71$aBritish Library$bSTI$k(P)$hFL 40$m-E(4)$2blsrissc$31987-1987; Vol.15, no.1/4.
=852  71$aBritish Library$bSTI$2blsrissc$31987-1987; Vol.15, no.1/4
=968  \\$bX
=CAT  \\$aWR09-126
=CAT  \\$aIPL-CLA$c20101231$lBLL01$h1306
=CAT  \\$aBATCH-CLA$b00$c20110228$lBLL01$h1551
=CAT  \\$aIPL-CLA$c20110331$lBLL01$h1439
=CAT  \\$aBATCH-CLA$b00$c20110531$lBLL01$h1644
=CAT  \\$aIPL-CLA$c20110630$lBLL01$h1519
=CAT  \\$aBATCH-CLA$b00$c20110831$lBLL01$h1806
=CAT  \\$aIPL-CLA$c20110930$lBLL01$h1520
=CAT  \\$aBATCH-CLA$b00$c20111130$lBLL01$h1219
=CAT  \\$aIPL-CLA$c20111230$lBLL01$h1806
=CAT  \\$aBATCH-CLA$b00$c20120229$lBLL01$h1638
=CAT  \\$aIPL-CLA$c20120330$lBLL01$h1406
=CAT  \\$aBATCH-CLA$b00$c20120531$lBLL01$h1721
=CAT  \\$aIPL-CLA$c20120629$lBLL01$h1003
=CAT  \\$aBATCH-CLA$b00$c20120831$lBLL01$h1548
=CAT  \\$aIPL-CLA$c20120930$lBLL01$h2025
=CAT  \\$aBATCH-CLA$b00$c20121104$lBLL01$h1003
=CAT  \\$aBATCH-CLA$b00$c20121130$lBLL01$h1247
=CAT  \\$aIPL-CLA$c20121231$lBLL01$h1251
=CAT  \\$aIPL-CLA$c20130102$lBLL01$h1656
=CAT  \\$aBATCH-CLA$b00$c20190909$lBLL01$h1720
=CAT  \\$aIPL-CLA$c20190930$lBLL01$h1630
=CAT  \\$aBATCH-CLA$b00$c20210227$lBLL01$h1015
=CAT  \\$aIPL-CLA$c20210331$lBLL01$h1836
=CAT  \\$aBATCH-CLA$b00$c20221130$lBLL01$h1456
=CAT  \\$aIPL-CLA$c20221231$lBLL01$h1918
=CAT  \\$aBATCH-CLA$b00$c20230209$lBLL01$h1543
=CAT  \\$aIPL-CLA$c20230210$lBLL01$h0049
=CFI  0\$aCurrent Copyright Fee: GBP34.00$c0$e09-feb-2023$fGBP34.00$g0$hC$5Uk
=CFI  2\$aBritish Library not licensed to copy$c0$e01-jan-2023$hC$iCFP Excluded$5Uk
=FIN  \\$aY
=LEO  \\$aMP25.0000106358
=SRC  \\$aSRI01$bbibmp25.200404.2.aa
=SSD  \\$a50300{dollar}aContinuation of "International Research Communications System. IRCS medical science. Psychology and psychiatry", q.v.
=TCO  \\$aCLA$bCLA$c008
=ACF  \\$aPrevious Copyright Fee: GBP22.00$c0$e01-apr-2012$fGBP22.00$g0$hC$5Uk
=ACF  \\$aPrevious Copyright Fee: GBP22.00$c0$e01-jan-2012$fGBP22.00$g0$hC$5Uk
=ACF  \\$aPrevious Copyright Fee: GBP22.00$c0$e01-oct-2011$fGBP22.00$g0$hC$5Uk
=ACF  \\$aPrevious Copyright Fee: GBP22.00$c0$e01-jul-2011$fGBP22.00$g0$hC$5Uk
=ACF  \\$aPrevious Copyright Fee: GBP22.00$c0$e01-apr-2011$fGBP22.00$g0$hC$5Uk
=ACF  \\$aPrevious Copyright Fee: GBP22.00$c0$e01-jan-2011$fGBP22.00$g0$hC$5Uk
=ACF  \\$aPrevious Copyright Fee: GBP22.00$c0$e01-oct-2010$fGBP22.00$g0$hC$5Uk
=ACF  \\$aPrevious Copyright Fee: GBP22.00$c0$e01-jul-2010$fGBP22.00$g0$hC$5Uk
=ACF  \\$aPrevious Copyright Fee: GBP22.00$c0$e01-apr-2010$fGBP22.00$g0$hC$5Uk
=ACF  \\$aPrevious Copyright Fee: GBP22.00$c0$e01-Jan-2010$fGBP22.00$g0$hC$5Uk
=ACF  \\$aPrevious Copyright Fee: GBP22.00$c0$e01-oct-2009$fGBP22.00$g0$hC$5Uk
=ACF  \\$aPrevious Copyright Fee: GBP22.00$c0$e01-jul-2009$fGBP22.00$g0$hC$5Uk
=ACF  \\$aPrevious Copyright Fee: GBP22.00$c0$e01-apr-2009$fGBP22.00$g0$hC$5Uk
=ACF  \\$aPrevious Copyright Fee: GBP16.75$c0$e01-jan-2009$fGBP16.75$g0$hC$5Uk
=ACF  \\$aPrevious Copyright Fee: GBP16.75$c0$e01-oct-2008$fGBP16.75$g0$hC$5Uk
=ACF  \\$aPrevious Copyright Fee: GBP16.75$c0$e01-jul-2008$fGBP16.75$g0$hC$5Uk
=ACF  \\$aPrevious Copyright Fee: GBP16.75$c0$e01-apr-2008$fGBP16.75$g0$hC$5Uk
=ACF  \\$aPrevious Copyright Fee: GBP16.75$c0$e01-jan-2008$fGBP16.75$g0$hC$5Uk
=ACF  \\$aPrevious Copyright Fee: GBP16.75$c0$e01-oct-2007$fGBP16.75$g0$hC$5Uk
=ACF  \\$aPrevious Copyright Fee: GBP16.75$c0$e01-jul-2007$fGBP16.75$g0$hC$5Uk
=ACF  \\$aPrevious Copyright Fee: GBP16.75$c0$e01-apr-2007$fGBP16.75$g0$hC$5Uk
=ACF  \\$aPrevious Copyright Fee: GBP16.50$c0$e01-jan-2007$fGBP16.50$g0$hC$5Uk
=ACF  \\$aPrevious Copyright Fee: GBP16.50$c0$e01-oct-2006$fGBP16.50$g0$hC$5Uk
=ACF  \\$aPrevious Copyright Fee: GBP16.50$c0$e01-jul-2006$fGBP16.50$g0$hC$5Uk
=ACF  \\$aPrevious Copyright Fee: GBP16.50$c0$e01-apr-2006$fGBP16.50$g0$hC$5Uk
=ACF  \\$aPrevious Copyright Fee: GBP16.50$c0$e01-jan-2006$fGBP16.50$g0$hC$5Uk
=ACF  \\$aPrevious Copyright Fee: GBP16.50$c0$e01-oct-2005$fGBP16.50$g0$hC$5Uk
=ACF  \\$aPrevious Copyright Fee: GBP16.50$c0$e01-jul-2005$fGBP16.50$g0$hC$5Uk
=ACF  \\$aPrevious Copyright Fee: GBP16.50$c0$e01-apr-2005$fGBP16.50$g0$hC$5Uk
=ACF  \\$aPrevious Copyright Fee: GBP16.50$c0$e01-jan-2005$fGBP16.50$g0$hC$5Uk
=ACF  \\$aPrevious Copyright Fee: GBP10.00$c0$e01-oct-2004$fGBP10.00$g0$hC$5Uk
=ACF  \\$aPrevious Copyright Fee: GBP22.00$c0$e01-jul-2012$fGBP22.00$g0$hC$5Uk
=ACF  \\$aPrevious Copyright Fee: GBP22.00$c0$e01-oct-2012$fGBP22.00$g0$hC$5Uk
=ACF  \\$aPrevious Copyright Fee: GBP29.95$c0$e01-jan-2013$fGBP29.95$g0$hC$5Uk
=ACF  \\$aPrevious Copyright Fee: GBP23.40$c0$e01-oct-2019$fGBP23.40$g0$hC$5Uk
=ACF  \\$aPrevious Copyright Fee: GBP34.00$c0$e01-apr-2021$fGBP34.00$g0$hC$5Uk
=LAS  \\$aIPL-CLA$b00$c20230210$lBLL01$h0049

