=LDR  01504 as a2200409ua 4500
=001  009554791
=003  Uk
=005  20070716161440.0
=008  900206d1987\\\\enke|\p|||\\\||\\\||eng\\
=FMT  \\$a  SE
=019  0\$as276579038
=040  \\$aUk$cUk
=082  04$a610$223
=084  \\$aGP 00$2blsrissc
=245  00$aMedical science research.$pClinical medicine and surgery.
=260  \\$aBarking :$bElsevier,$c1987.
=300  \\$c30 cm.
=336  \\$atext$2rdacontent
=337  \\$aunmediated$2rdamedia
=338  \\$avolume$2rdacarrier
=580  \\$aContinuation of "International Research Communications Systems. IRCS medical science. Clinical medicine and surgery", q.v.
=650  \0$aMedicine.
=886  2\$2blmarc$a029$b00$as276579011
=852  71$aBritish Library$bSTI$k(P)$hGP 00$m-E(94)$2blsrissc$31987-1987; Vol.15, no.1-4.
=852  71$aBritish Library$bSTI$2blsrissc$31987-1987; Vol.15, no.1-4
=CAT  \\$aCONV$b00$c20040425$lBLL90$h0853
=CAT  \\$aCONV$b00$c20040502$lBLL01$h1330
=CAT  \\$a11249$b40$c20070716$lBLL01$h1613
=CAT  \\$a11249$b40$c20070716$lBLL01$h1614
=CAT  \\$aBATCH$b00$c20091122$lBLL01$h1205
=CAT  \\$aWR16120681$c20161221$lBLL01$h1800
=FIN  \\$aY
=LEO  \\$aMP25.0000114176
=SRC  \\$aSRI01$bbibmp25.200404.2.aa
=SSD  \\$aContinuation of "International Research Communications Systems. IRCS medical science. Clinical medicine and surgery", q.v
=TCO  \\$aCLA$bCLA$c008
=LAS  \\$aWR16120681$b00$c20161221$lBLL01$h1800

