=LDR  02544cam a2200733 a 4500
=001  009707640
=003  Uk
=005  20220331214858.0
=008  011210s2002\\\\enka\\\||\\\\\001\||eng\\
=FMT  \\$a  BK
=015  \\$aGBA200542$2bnb
=019  y\$abA200542
=019  9\$a0792375548
=019  g\$aadv5003931069
=019  a\$aG07300726
=019  0\$as67288500x
=020  \\$a0792375548 :$c£80.00
=039  0\$a2671
=040  \\$aDLC$cDLC$dUk
=082  04$a616.890072$221
=084  \\$aFL 45$2blsrissc
=084  \\$aGR 85$2blsrissc
=245  04$aThe postmortem brain in psychiatric research /$cedited by Galila Agam, Ian P. Everall, R.H. Belmaker.
=260  \\$aBoston ;$aLondon :$bKluwer Academic,$cc2002.
=300  \\$aviii, 402 p. :$bill. ;$c25 cm.
=336  \\$atext$2rdacontent
=337  \\$aunmediated$2rdamedia
=338  \\$avolume$2rdacarrier
=490  1\$aNeurobiological foundation of aberrant behaviors ;$v4
=504  \\$aIncludes bibliographical references and index.
=597  \\$aEnhanced$bSRIS DDC
=598  \\$aPROV.RECORD
=540  \\$aBritish Library not licensed to copy$c0$5Uk
=650  \0$aPsychiatry$xResearch$xMethodology.
=650  \0$aBrain$xResearch.
=650  \0$aBrain$xLocalization of functions.
=650  \0$aPostmortem changes.
=650  \0$aMental illness$xEtiology.
=700  1\$aAgam, Galila.
=700  1\$aEverall, Ian P.
=700  1\$aBelmaker, Robert H.
=886  2\$2ukmarc$a900$b10$aBelmaker$hR. H.$xSee$aBelmaker, Robert H.$z700/2
=830  \0$aNeurobiological foundation of aberrant behaviors ;$v4.
=852  41$aBritish Library$bDSC$i6081.304
=852  71$aBritish Library$bSTI$k(B)$hFL 45$2blsrissc
=945  \\$aNeurobiological foundation of aberrant behaviors ; v 4
=957  \\$a011128c
=CAT  \\$aCONV$b00$c20040425$lBLL90$h0538
=CAT  \\$aCONV$b00$c20040502$lBLL01$h1336
=CAT  \\$aglobal_upd$b40$c20060417$lBLL01$h0856
=CAT  \\$aBATCH$b00$c20091122$lBLL01$h1213
=CAT  \\$aBATCH$b00$c20091217$lBLL01$h0109
=CAT  \\$aBATCH-CLAB$c20220330$lBLL01$h1827
=CAT  \\$aBATCH-UPD$b00$c20220331$lBLL01$h1759
=CAT  \\$aIPL-CLA$c20220331$lBLL01$h2148
=CFI  0\$aBritish Library not licensed to copy$c0$e01-apr-2022$hC$iCFP Excluded$5Uk
=FIN  \\$aY
=LEO  \\$aMP5.0000275461
=LEO  \\$aMP8.0001746571
=LEO  \\$aMP25.0000352556
=SRC  \\$aBNB03$bbibmp5.200404.2.aa
=SRC  \\$aDSC01$bbibmp8.200404.2.ac
=SRC  \\$aSRI01$bbibmp25.200404.2.aa
=LAS  \\$aIPL-CLA$b00$c20220331$lBLL01$h2148

