=LDR  01608 as a22004577a 4500
=001  007210952
=003  Uk
=005  20041011102447.0
=008  040417c199u9999enkuu\p\\\\\\\0\\\a0eng\\
=FMT  \\$a  SE
=040  \\$aUk$beng$cUk
=042  \\$aukblsr
=082  04$a338.76164250941$222
=110  2\$aCompass Group.$bUK and Ireland.
=240  10$aFusion (Uxbridge, London, England)
=245  00$aFusion :$buniting the best of Compass Group UK and Ireland.
=260  \\$aUxbridge :$bCompass Group.
=300  \\$av. :$bcol. ill., col. ports. ;$c30 cm.
=336  \\$atext$2rdacontent
=337  \\$aunmediated$2rdamedia
=338  \\$avolume$2rdacarrier
=500  \\$aDescription based on: Issue 9 (Feb. 2004)
=610  20$aCompass Group.$bUK and Ireland$vPeriodicals.
=690  7\$aManagement and Business Studies$2blcoll
=852  41$aBritish Library$bSTI$cRES$3Earlier issues
=852  11$aBritish Library$bSTI$k(P)$h338.76164250941$m-E(1) Business$3Last 4 years only
=A02  \\$a3025818$z0
=CAT  \\$aCONV$b00$c20040425$lBLL90$h0713
=CAT  \\$aCONV$b00$c20040502$lBLL01$h1212
=CAT  \\$a8323$b40$c20040816$lBLL01$h1030
=CAT  \\$a8964$b40$c20041007$lBLL01$h1516
=CAT  \\$aUE-01$b00$c20041007$lBLL01$h1653
=CAT  \\$a8964$b40$c20041011$lBLL01$h1024
=CAT  \\$aBATCH$b00$c20090517$lBLL01$h1818
=CAT  \\$aBATCH$b00$c20091207$lBLL01$h0422
=CAT  \\$aBATCH$b00$c20091214$lBLL01$h0228
=CAT  \\$aBATCH$b00$c20091216$lBLL01$h0046
=FIN  \\$aY
=SRC  \\$aDSS04$bbibld.200404.2.aa
=TCO  \\$aCLA$bCLA$c008
=LAS  \\$aBATCH$b00$c20091216$lBLL01$h0046

