=LDR  01279 am a2200409ui 4500
=001  007514254
=003  Uk
=005  20091214025700.0
=008  800325s1972\\\\enk\\\\||d\\\|||0\||eng\\
=FMT  \\$a  BK
=019  0\$as139056009
=040  \\$aUk$cUk
=084  \\$aOP 04$2blsrissc
=084  \\$aAA 182$2blsrissc
=100  1\$aMcIntosh, D. H.
=245  10$aMeteorological glossary /$ccompiled by D.H. McIntosh.
=250  \\$a5th ed.
=260  \\$aLondon :$bH.M.S.O.,$c1972.
=300  \\$a319p. ;$c25cm.
=336  \\$atext$2rdacontent
=337  \\$aunmediated$2rdamedia
=338  \\$avolume$2rdacarrier
=500  \\$aIssued for the Meteorological Office.
=710  1\$aGreat Britain.$bMeteorological Office.
=852  11$aBritish Library$bDSC$cQ$h551.5
=852  71$aBritish Library$bSTI$cRES$k(XB)$hOP 04$2blsrissc
=852  71$aBritish Library$bSTI$cRES$k(B)$hOP 04$2blsrissc
=968  \\$aC
=CAT  \\$aCONV$b00$c20040425$lBLL90$h0852
=CAT  \\$aCONV$b00$c20040502$lBLL01$h1222
=CAT  \\$aglobal_upd$b40$c20060417$lBLL01$h1608
=CAT  \\$aBATCH$b00$c20091207$lBLL01$h0453
=CAT  \\$aBATCH$b00$c20091214$lBLL01$h0257
=FIN  \\$aY
=LEO  \\$aMP25.0000040181
=SRC  \\$aSRI01$bbibmp25.200404.2.aa
=LAS  \\$aBATCH$b00$c20091214$lBLL01$h0257

