=LDR  04357cas a2201033   4500
=001  007692345
=003  Uk
=005  20221231183159.0
=006  aac\\|||||||||||||
=008  031215c20029999nik|||p|||\\\\0\\\|0eng\\
=FMT  \\$a  SE
=015  \\$aGBA403368$2bnb
=019  y\$abA403368
=019  c\$a3019960
=019  9\$abA403368
=019  0\$as693606002
=039  0\$a2773
=040  \\$aUk$cUk
=082  04$a381.14709415$221
=245  00$aIreland's forecourt & convenience retailer.
=246  3\$aForecourt & convenience retailer
=260  \\$aBelfast (Penton House, 38 Heron Rd, Sydenham Business Park, Belfast, BT3 9LE) :$bPenton Publications.
=300  \\$av. :$bcol. ill., col. ports. ;$c30 cm.
=336  \\$atext$2rdacontent
=337  \\$aunmediated$2rdamedia
=338  \\$avolume$2rdacarrier
=595  \\$aSEE CARD INDEX.
=500  \\$aRunning title: Forecourt & convenience retailer.
=500  \\$aBegan in 2002?.
=500  \\$aDescription based on: Issue 4 (Mar./Apr. 2003)
=597  \\$aEnhanced$bSRIS DDC
=540  \\$aCurrent Copyright Fee: GBP25.00$c0$5Uk
=650  \0$aService stations$zNorthern Ireland$vPeriodicals.
=650  \0$aService stations$zIreland$vPeriodicals.
=650  \0$aConvenience stores$zNorthern Ireland$vPeriodicals.
=650  \0$aConvenience stores$zIreland$vPeriodicals.
=690  7\$aManagement and Business Studies$2blcoll
=852  41$aBritish Library$bSTI$cRES$3Earlier issues
=852  11$aBritish Library$bSTI$cBIPC$k(P)$h381.14709415$m-E(1) Business$32003, Issue 4-***Last 4 years***Title now taken as electronic copy only
=945  \\$aIrelands forecourt and convenience retailer
=979  \\$aBritish Library$bDSC$j4567.803840N$xDSC Not Selected
=CAT  \\$aCONV$b00$c20040425$lBLL90$h0531
=CAT  \\$aBATCH-UPD$b00$c20100331$lBLL01$h2048
=CAT  \\$aBATCH-UPD$b00$c20100401$lBLL01$h0030
=CAT  \\$aBATCH$b00$c20100401$lBLL01$h0339
=CAT  \\$aBATCH$b00$c20100401$lBLL01$h1340
=CAT  \\$aBATCH-UPD$b00$c20101124$lBLL01$h1730
=CAT  \\$aBATCH-UPD$b00$c20101125$lBLL01$h0954
=CAT  \\$aIPL-CLA$c20101231$lBLL01$h1200
=CAT  \\$aWR11_203$c20111204$lBLL01$h1256
=CAT  \\$aIPL-CLA$c20111230$lBLL01$h1704
=CAT  \\$aBATCH-CLA$b00$c20121103$lBLL01$h1024
=CAT  \\$aWR13.005$c20130323$lBLL01$h1515
=CAT  \\$aBATCH-CLA$c20131217$lBLL01$h0112
=CAT  \\$aIPL-CLA$c20131231$lBLL01$h1851
=CAT  \\$aWR14_140$c20140905$lBLL01$h1721
=CAT  \\$aBATCH-CLA$b00$c20161222$lBLL01$h1657
=CAT  \\$aIPL-CLA$c20161230$lBLL01$h1811
=CAT  \\$aBATCH-CLA$b00$c20171222$lBLL01$h1952
=CAT  \\$aIPL-CLA$c20171231$lBLL01$h1347
=CAT  \\$aBATCH-CLA$b00$c20191219$lBLL01$h1622
=CAT  \\$aIPL-CLA$c20191231$lBLL01$h1719
=CAT  \\$aR2001-1524$c20200127$lBLL01$h1924
=CAT  \\$aBATCH-CLA$b00$c20201204$lBLL01$h1417
=CAT  \\$aIPL-CLA$c20201231$lBLL01$h1915
=CAT  \\$aBATCH-CLA$b00$c20221221$lBLL01$h1721
=CAT  \\$aIPL-CLA$c20221231$lBLL01$h1831
=CFI  0\$aCurrent Copyright Fee: GBP25.00$c0$e01-jan-2023$fGBP25.00$g0$hA$5Uk
=CFI  2\$aPrevious Copyright Fee: GBP22.50$c0$e01-jan-2021$fGBP22.50$g0$hA$5Uk
=FIN  \\$aY
=LEO  \\$aMP10.0000302736
=LEO  \\$aMP5.0000028511
=LEO  \\$aMP25.0000370304
=SRC  \\$aDSS03$bbibsr.200404.2.aa
=SRC  \\$aDSS01$bbibmp10.200404.2.aa
=SRC  \\$aBNB03$bbibmp5.200404.2.aa
=SRC  \\$aSRI01$bbibmp25.200404.2.aa
=SSD  \\$a74510{dollar}aForecourt & convenience retailer
=TCO  \\$aCLA$bCLA$c008
=ACF  \\$aPrevious copyright fee: GBP9.00$c0$e01-apr-2010$fGBP9.00$g0$hA$5Uk
=ACF  \\$aPrevious copyright fee: GBP6.00$c0$e01-apr-2008$fGBP6.00$g0$hA$5Uk
=ACF  \\$aPrevious copyright fee: GBP5.00$c0$e07-nov-2003$fGBP5.00$g0$hA$5Uk
=ACF  \\$aPrevious copyright fee: GBP10.50$c0$e01-jan-2011$fGBP10.50$g0$hA$5Uk
=ACF  \\$aPrevious copyright fee: GBP12.00$c0$e01-jan-2012$fGBP12.00$g0$hA$5Uk
=ACF  \\$aPrevious Copyright Fee: GBP12.30$c0$e01-jan-2014$fGBP12.30$g0$hA$5Uk
=ACF  \\$aPrevious Copyright Fee: GBP15.00$c0$e01-jan-2017$fGBP15.00$g0$hA$5Uk
=ACF  \\$aPrevious Copyright Fee: GBP17.50$c0$e01-jan-2018$fGBP17.50$g0$hA$5Uk
=ACF  \\$aPrevious Copyright Fee: GBP20.00$c0$e01-jan-2020$fGBP20.00$g0$hA$5Uk
=LAS  \\$aIPL-CLA$b00$c20221231$lBLL01$h1831

