=LDR  05850cas a2201321 a 4500
=001  007740329
=003  Uk
=005  20230210004411.0
=007  ta
=008  901120d19902014enkmr\p\\\\\\\0\\\a0eng\\
=FMT  \\$a  SE
=015  \\$aGB9050161$2bnb
=019  c\$a2433290
=019  y\$ab9050161
=019  9\$ab9050161
=019  0\$as570337003
=022  0\$a0960-7471$202
=039  0\$a2114
=040  \\$aUk$beng$cUk$dUk
=042  \\$aissnuk$aukblsr
=082  04$a621.3893$220
=084  \\$aRV 50$2blsrissc
=130  0\$aAudio media (St. Ives, Cambridgeshire, England)
=210  0\$aAudio media
=222  \0$aAudio media
=245  10$aAudio media.
=260  \\$aSt Ives, Cambridgeshire :$bAudio MediaAudio Media,$c1990-[2014]
=264  31$aLondon :$bIntent Media London
=300  \\$av. ;$c30 cm.
=310  \\$aMonthly
=336  \\$atext$2rdacontent
=337  \\$aunmediated$2rdamedia
=338  \\$avolume$2rdacarrier
=362  0\$aPremière issue (June 1990)-
=362  1\$aCeased with issue 288 (December 2014).
=588  \\$aLatest issue consulted: issue 277 (December 2013).
=595  \\$aSEE ALSO CARD INDEX.
=540  \\$aCurrent Copyright Fee: GBP25.00$c0$5Uk
=650  \0$aSound$xRecording and reproducing$vPeriodicals.
=653  \\$aSound reproduction equipment
=776  08$iAlso issued online as:$tAudio media$x2053-0447
=770  0\$tMonitoring & headphones
=785  00$tAudio media international$x2057-5165
=852  41$aBritish Library$bHMNTS$cSPHOA$kHUS$h050$3No.1 (Jun 1990) - no. 266 (Jan 2013); [Missing: 1990 no.s. 2 (Jul) - 4 (Sep) ; 1991 no.s.. 10 (Apr) - 12 (Jun), 15 (Oct) ; 1992 no.s. 18 (Jan), 20 (Mar); 1994 no.41 (Apr)]
=852  71$aBritish Library$bSTI$k(P)$hRV 50$m-E(10)$2blsrissc$3No. 1 (1990)-no. 287 (Dec. 2014)
=852  71$aBritish Library$bSTI$k(TP)$hRV 50$m-E(10)$2blsrissc$31990- ; No.1-***Accompanying CD-ROM
=852  \\$aBritish Library$bHMNTS$cSPHOA
=945  \\$aAudio Media -St Ives-.
=963  \\$aNO. 1, 1990- *A=1$bN$cL431.B.887
=979  \\$aBritish Library$bDSC$j1788.130000N$xNot selected
=CAT  \\$aCONV$b00$c20040425$lBLL90$h0554
=CAT  \\$aIPL-CLA$c20120330$lBLL01$h1354
=CAT  \\$aBATCH-CLA$b00$c20120531$lBLL01$h1707
=CAT  \\$aIPL-CLA$c20120629$lBLL01$h0950
=CAT  \\$aBATCH-CLA$b00$c20120831$lBLL01$h1538
=CAT  \\$aIPL-CLA$c20120930$lBLL01$h2003
=CAT  \\$aBATCH-CLA$b00$c20121103$lBLL01$h1023
=CAT  \\$aWR13.005$c20130323$lBLL01$h1517
=CAT  \\$a11315$b40$c20130613$lBLL01$h1104
=CAT  \\$a8124$b40$c20130710$lBLL01$h1224
=CAT  \\$a5110$b40$c20130723$lBLL01$h1427
=CAT  \\$aBATCH-CLA$b00$c20131129$lBLL01$h1642
=CAT  \\$aIPL-CLA$c20131231$lBLL01$h1851
=CAT  \\$a8124$b40$c20140108$lBLL01$h1232
=CAT  \\$aWR14_140$c20140905$lBLL01$h1722
=CAT  \\$a11205$b40$c20150225$lBLL01$h1117
=CAT  \\$aBATCH-CLA$b00$c20161130$lBLL01$h1635
=CAT  \\$aIPL-CLA$c20161230$lBLL01$h1811
=CAT  \\$aBATCH-CLA$b00$c20171130$lBLL01$h1711
=CAT  \\$aIPL-CLA$c20171231$lBLL01$h1347
=CAT  \\$aBATCH-CLA$b00$c20191129$lBLL01$h1626
=CAT  \\$aIPL-CLA$c20191231$lBLL01$h1719
=CAT  \\$aBATCH-CLA$b00$c20201126$lBLL01$h1417
=CAT  \\$aIPL-CLA$c20201231$lBLL01$h1915
=CAT  \\$aBATCH-CLA$b00$c20221130$lBLL01$h1423
=CAT  \\$aIPL-CLA$c20221231$lBLL01$h1832
=CAT  \\$aBATCH-CLA$b00$c20230209$lBLL01$h1511
=CAT  \\$aIPL-CLA$c20230210$lBLL01$h0044
=CFI  0\$aCurrent Copyright Fee: GBP25.00$c0$e09-feb-2023$fGBP25.00$g0$hC$5Uk
=CFI  2\$aBritish Library not licensed to copy$c0$e01-jan-2023$hC$iCFP Excluded$5Uk
=FIN  \\$aY
=LEO  \\$aMP5.0000787012
=LEO  \\$aMP22.0000033484
=LEO  \\$aMP25.0000261112
=LEO  \\$aMP10.0000082198
=LET  \0$aAudio media (Print)
=SRC  \\$aBNB03$bbibmp5.200404.2.ab
=SRC  \\$aISN01$bbibmp22.200404.2.aa
=SRC  \\$aSRI01$bbibmp25.200404.2.aa
=SRC  \\$aDSS01$bbibmp10.200404.2.aa
=TCO  \\$aCLA$bCLA$c008
=ACF  \\$aPrevious Copyright Fee: GBP12.00$c0$e01-apr-2012$fGBP12.00$g0$hC$5Uk
=ACF  \\$aPrevious Copyright Fee: GBP12.00$c0$e01-jan-2012$fGBP12.00$g0$hC$5Uk
=ACF  \\$aPrevious Copyright Fee: GBP10.50$c0$e01-oct-2011$fGBP10.50$g0$hC$5Uk
=ACF  \\$aPrevious Copyright Fee: GBP10.50$c0$e01-jul-2011$fGBP10.50$g0$hC$5Uk
=ACF  \\$aPrevious Copyright Fee: GBP10.50$c0$e01-apr-2011$fGBP10.50$g0$hC$5Uk
=ACF  \\$aPrevious Copyright Fee: GBP10.50$c0$e01-jan-2011$fGBP10.50$g0$hC$5Uk
=ACF  \\$aPrevious Copyright Fee: GBP9.00$c0$e01-oct-2010$fGBP9.00$g0$hC$5Uk
=ACF  \\$aPrevious Copyright Fee: GBP9.00$c0$e01-jul-2010$fGBP9.00$g0$hC$5Uk
=ACF  \\$aPrevious Copyright Fee: GBP9.00$c0$e01-apr-2010$fGBP9.00$g0$hC$5Uk
=ACF  \\$aPrevious Copyright Fee: GBP9.00$c0$e01-Jan-2010$fGBP9.00$g0$hC$5Uk
=ACF  \\$aPrevious Copyright Fee: GBP6.00$c0$e01-oct-2009$fGBP6.00$g0$hC$5Uk
=ACF  \\$aPrevious copyright fee: GBP5.00$c0$e01-jan-2003$fGBP5.00$g0$hC$5Uk
=ACF  \\$aBritish Library not licensed to copy$c0$e24-may-2002$g0$hC$iCLA-excluded$5Uk
=ACF  \\$aCurrent copyright fee: GBP4.40$c0$e01-jul-1998$fGBP4.40$g0$hA$5Uk
=ACF  \\$aPrevious Copyright Fee: GBP12.00$c0$e01-jul-2012$fGBP12.00$g0$hC$5Uk
=ACF  \\$aPrevious Copyright Fee: GBP12.00$c0$e01-oct-2012$fGBP12.00$g0$hC$5Uk
=ACF  \\$aPrevious Copyright Fee: GBP12.30$c0$e01-jan-2014$fGBP12.30$g0$hC$5Uk
=ACF  \\$aPrevious Copyright Fee: GBP15.00$c0$e01-jan-2017$fGBP15.00$g0$hC$5Uk
=ACF  \\$aPrevious Copyright Fee: GBP17.50$c0$e01-jan-2018$fGBP17.50$g0$hC$5Uk
=ACF  \\$aPrevious Copyright Fee: GBP20.00$c0$e01-jan-2020$fGBP20.00$g0$hC$5Uk
=ACF  \\$aPrevious Copyright Fee: GBP22.50$c0$e01-jan-2021$fGBP22.50$g0$hC$5Uk
=LAS  \\$aIPL-CLA$b00$c20230210$lBLL01$h0044

