=LDR  01895 am a2200637 a 4500
=001  007743550
=003  Uk
=005  20091216232800.0
=008  920226s1990\\\\enka\\\\|b\\\\001\|\eng\\
=FMT  \\$a  BK
=010  \\$a90000778
=015  \\$aGB9212681$2bnb
=019  y\$ab9212681
=019  9\$ab9212681
=019  a\$aG01518778
=019  0\$as580068005
=020  \\$a0124983103
=020  \\$c£57.50
=039  0\$a2180
=040  \\$aUk$cUk
=082  04$a636.2084$220
=084  \\$aEB 68$2blsrissc
=084  \\$aGE 72$2blsrissc
=084  \\$aFA 36$2blsrissc
=100  1\$aMinson, Dennis J.
=245  10$aForage in ruminant nutrition /$cDennis J. Minson.
=260  \\$aSan Diego ;$aLondon :$bAcademic Press,$cc1990.
=300  \\$axv, 483p. :$bill. ;$c24cm.
=336  \\$atext$2rdacontent
=337  \\$aunmediated$2rdamedia
=338  \\$avolume$2rdacarrier
=490  1\$aAnimal feeding and nutrition
=500  \\$aBibliography: p403-461. - Includes indexes.
=597  \\$aDLC$b90000778
=650  \0$aRuminants$xFeeding and feeds.
=650  \0$aForage plants.
=650  \0$aRuminants$xNutrition.
=653  1\$aLivestock$aNutrition
=886  2\$2blmarc$a010$b00$a90000778
=830  \0$aAnimal feeding and nutrition
=852  41$aBritish Library$bDSC$i93/24528
=852  71$aBritish Library$bSTI$k(B)$hEB 68$2blsrissc
=966  \\$lACQUIS
=CAT  \\$aCONV$b00$c20040425$lBLL90$h0554
=CAT  \\$aCONV$b00$c20040502$lBLL01$h1230
=CAT  \\$aglobal_upd$b40$c20060417$lBLL01$h0453
=CAT  \\$aBATCH$b00$c20091121$lBLL01$h2131
=CAT  \\$aBATCH$b00$c20091216$lBLL01$h2328
=FIN  \\$aY
=LEO  \\$aMP5.0000798016
=LEO  \\$aMP8.0000756247
=LEO  \\$aMP25.0000270888
=SRC  \\$aBNB03$bbibmp5.200404.2.ab
=SRC  \\$aDSC01$bbibmp8.200404.2.aa
=SRC  \\$aSRI01$bbibmp25.200404.2.aa
=LAS  \\$aBATCH$b00$c20091216$lBLL01$h2328

