=LDR  01982 am a2200613 a 4500
=001  007758942
=003  Uk
=005  20140122110600.0
=008  981002s1998\\\\enk\\\\||\\\\\001\||eng\\
=FMT  \\$a  BK
=015  \\$aGB9870290$2bnb
=019  y\$ab9870290
=019  9\$a9041107266
=019  g\$aadv0102332762
=019  a\$aG05656267
=019  0\$as642395004
=020  \\$a9041107266 :$c£114.00
=020  \\$a185333796X (series)
=039  0\$a2511
=040  \\$aDLC$cDLC$dUk
=082  04$a341.7623$221
=084  \\$aNQ 33$2blsrissc
=245  00$aEnvironmental regulation of oil and gas /$ceditor, Zhiguo Gao.
=260  \\$aLondon :$bKluwer Law International,$cc1998.
=300  \\$axxxiv,615p. ;$c25cm.
=336  \\$atext$2rdacontent
=337  \\$aunmediated$2rdamedia
=338  \\$avolume$2rdacarrier
=490  1\$aInternational energy and resources law and policy series
=504  \\$aIncludes bibliographical references and index.
=650  \0$aPetroleum law and legislation.
=650  \0$aOil and gas leases.
=650  \0$aEnvironmental law.
=700  1\$aGao, Zhiguo,$d1955-
=830  \0$aInternational energy and resources law and policy series
=852  41$aBritish Library$bDSC$i4539.97745
=852  71$aBritish Library$bSTI$k(B)$hNQ 33$2blsrissc
=945  \\$aInternational Energy and Resources Law and Policy series
=957  \\$a980928c
=966  \\$lACQUIS 06/11/98
=CAT  \\$aCONV$b00$c20040425$lBLL90$h0629
=CAT  \\$aCONV$b00$c20040502$lBLL01$h1231
=CAT  \\$aglobal_upd$b40$c20060417$lBLL01$h0455
=CAT  \\$aBATCH$b00$c20091121$lBLL01$h2141
=CAT  \\$aBATCH$b00$c20091216$lBLL01$h2330
=CAT  \\$a8962$b40$c20140122$lBLL01$h1106
=FIN  \\$aY
=LEO  \\$aMP5.0001897910
=LEO  \\$aMP8.0001484012
=LEO  \\$aMP25.0000325661
=SRC  \\$aBNB03$bbibmp5.200404.2.ad
=SRC  \\$aDSC01$bbibmp8.200404.2.ab
=SRC  \\$aSRI01$bbibmp25.200404.2.aa
=LAS  \\$a8962$b40$c20140122$lBLL01$h1106

