=LDR  02482cam a2200769 a 4500
=001  008427881
=003  Uk
=005  20220331213243.0
=008  011203s2001\\\\enka\\\||\\\\\001\||eng\\
=FMT  \\$a  BK
=010  \\$a00048282
=015  \\$aGBA164831$2bnb
=019  y\$abA164831
=019  9\$a0195118618
=019  g\$aadv5001108985
=019  a\$aG07066008
=019  0\$as672760002
=020  \\$a0195118618 :$cNo price
=039  0\$a2670
=040  \\$aUk$cUk
=082  04$a617.51$221
=084  \\$aGU 57$2blsrissc
=084  \\$aGU 03$2blsrissc
=100  1\$aGorlin, Robert J.,$d1923-2006.
=245  10$aSyndromes of the head and neck.
=250  \\$a4th ed. /$bRobert J. Gorlin, M. Michael Cohen, Raoul C.M. Hennekam.
=260  \\$aOxford :$bOxford University Press,$c2001.
=300  \\$axlv, 1283 p. :$bill. ;$c29 cm.
=336  \\$atext$2rdacontent
=337  \\$aunmediated$2rdamedia
=338  \\$avolume$2rdacarrier
=490  0\$aOxford monographs on medical genetics ;$vno. 42
=500  \\$aPrevious ed.: 1990.
=504  \\$aIncludes bibliographical references and index.
=597  \\$aEnhanced$bSRIS DDC
=540  \\$aCurrent Copyright Fee: GBP22.50$c0$5Uk
=650  \0$aHead$xAbnormalities.
=650  \0$aNeck$xAbnormalities.
=650  12$aHead$xabnormalities.
=650  22$aDisease.
=650  22$aNeck$xabnormalities.
=650  22$aSyndrome.
=650  22$aTerminology.
=700  1\$aCohen, M. Michael$q(Meyer Michael),$d1937-
=700  1\$aHennekam, Raoul C. M.
=852  41$aBritish Library$bDSC$i6321.0075
=852  71$aBritish Library$bSTI$k(B)$hGU 57$2blsrissc
=945  \\$aOxford monographs on medical genentics ; no 42
=957  \\$a011116c
=966  \\$lACQUIS 29/10/2001
=CAT  \\$aCONV$b00$c20040425$lBLL90$h0617
=CAT  \\$aCONV$b00$c20040502$lBLL01$h1253
=CAT  \\$aglobal_upd$b40$c20060417$lBLL01$h0618
=CAT  \\$a5194$b40$c20071005$lBLL01$h1346
=CAT  \\$c20090820$lBLL01$h1642
=CAT  \\$aBATCH$b00$c20091122$lBLL01$h0040
=CAT  \\$aBATCH-CLAB$c20220330$lBLL01$h1627
=CAT  \\$aIPL-CLA$c20220331$lBLL01$h2132
=CFI  0\$aCurrent Copyright Fee: GBP22.50$c0$e01-apr-2022$fGBP22.50$g0$hC$5Uk
=FIN  \\$aY
=LEO  \\$aMP5.0001545284
=LEO  \\$aMP8.0001664793
=LEO  \\$aMP25.0000352445
=SRC  \\$aBNB03$bbibmp5.200404.2.ac
=SRC  \\$aDSC01$bbibmp8.200404.2.ac
=SRC  \\$aSRI01$bbibmp25.200404.2.aa
=LAS  \\$aIPL-CLA$b00$c20220331$lBLL01$h2132

