=LDR  02042 am a2200637 a 4500
=001  008428918
=003  Uk
=005  20100311055400.0
=008  000207s2000\\\\enka\\\||\\\\\001\||eng\\
=FMT  \\$a  BK
=010  \\$a99046596
=015  \\$aGBA010202$2bnb
=019  y\$abA010202
=019  9\$a0199637458
=019  g\$aadv5000087712
=019  a\$aG05886896
=019  0\$as654586004
=020  \\$a0199637458 (cased) :$cNo price
=020  \\$a019963744X (pbk) :$cNo price
=039  0\$a2578
=040  \\$aDLC$cDLC$dUk
=082  04$a571.6$221
=084  \\$aKG 39(G)$2blsrissc
=245  00$aGTPases /$cedited by Alan Hall.
=260  \\$aOxford :$bOxford University Press,$cc2000.
=300  \\$axix, 340 p. :$bill. ;$c26 cm.
=336  \\$atext$2rdacontent
=337  \\$aunmediated$2rdamedia
=338  \\$avolume$2rdacarrier
=490  1\$aFrontiers in molecular biology ;$v24
=504  \\$aIncludes bibliographical references and index.
=597  \\$aEnhanced$bSRIS DDC
=598  \\$aPROV.RECORD
=650  \0$aGuanosine triphosphatase.
=650  \0$aGuanosine triphosphatase$xBiotechnology.
=700  1\$aHall, A.$q(Alan)
=886  2\$2ukmarc$a900$b10$aHall$hAlan$xSee also$aHall, A. (Alan)$z700
=830  \0$aFrontiers in molecular biology ;$v24.
=852  41$aBritish Library$bDSC$i4042.0385
=852  71$aBritish Library$bSTI$k(B)$hKG 39$m(G)$2blsrissc
=945  \\$aFrontiers in molecular biology ; v 24
=957  \\$a000124c
=CAT  \\$aCONV$b00$c20040425$lBLL90$h0618
=CAT  \\$aCONV$b00$c20040502$lBLL01$h1253
=CAT  \\$aglobal_upd$b40$c20060417$lBLL01$h0619
=CAT  \\$aBATCH$b00$c20091122$lBLL01$h0040
=CAT  \\$aBATCH$b00$c20091217$lBLL01$h0002
=CAT  \\$aBATCH-UPD$b00$c20100311$lBLL01$h0554
=FIN  \\$aY
=LEO  \\$aMP5.0001553735
=LEO  \\$aMP8.0001578813
=LEO  \\$aMP25.0000336718
=SRC  \\$aBNB03$bbibmp5.200404.2.ac
=SRC  \\$aDSC01$bbibmp8.200404.2.ac
=SRC  \\$aSRI01$bbibmp25.200404.2.aa
=LAS  \\$aBATCH-UPD$b00$c20100311$lBLL01$h0554

