=LDR  02352cam a2200673 a 4500
=001  008430790
=003  Uk
=005  20220331213250.0
=008  010112s2000\\\\enka\\\||\\\\\001\||eng\\
=FMT  \\$a  BK
=015  \\$aGBA104834$2bnb
=019  y\$abA104834
=019  9\$a0792372212
=019  g\$aadv5003024886
=019  a\$aG07071091
=019  0\$as663893003
=020  \\$a0792372212 :$cNo price
=039  0\$a2625
=040  \\$aDLC$cDLC$dUk
=082  04$a519.7$221
=084  \\$aPM 66$2blsrissc
=100  1\$aCantú-Paz, Erick.
=245  10$aEfficient and accurate parallel genetic algorithms /$cby Erick Cantú-Paz.
=260  \\$aBoston, Mass. ;$aLondon :$bKluwer Academic Publishers,$cc2000.
=300  \\$axvi, 162 p. :$bill. ;$c24 cm.
=336  \\$atext$2rdacontent
=337  \\$aunmediated$2rdamedia
=338  \\$avolume$2rdacarrier
=490  1\$aGenetic algorithms and evolutionary computation ;$v1
=504  \\$aIncludes bibliographical references and index.
=597  \\$aEnhanced$bSRIS DDC
=598  \\$aPROV.RECORD
=540  \\$aBritish Library not licensed to copy$c0$5Uk
=650  \0$aGenetic algorithms$xData processing.
=650  \0$aParallel processing (Electronic computers)
=886  2\$2ukmarc$a900$b10$aPaz$hErick Cantú-$xSee$aCantú-Paz, Erick$z100
=830  \0$aGenetic algorithms and evolutionary computation ;$v1.
=852  41$aBritish Library$bDSC$i4096.391
=852  71$aBritish Library$bSTI$k(B)$hPM 66$2blsrissc
=957  \\$a010102c
=966  \\$lACQUIS 05/11/2001
=CAT  \\$aCONV$b00$c20040425$lBLL90$h0622
=CAT  \\$aCONV$b00$c20040502$lBLL01$h1253
=CAT  \\$aglobal_upd$b40$c20060417$lBLL01$h0619
=CAT  \\$aBATCH$b00$c20091122$lBLL01$h0041
=CAT  \\$aBATCH$b00$c20091217$lBLL01$h0002
=CAT  \\$aBATCH-UPD$b00$c20100303$lBLL01$h2217
=CAT  \\$aBATCH-CLAB$c20220330$lBLL01$h1723
=CAT  \\$aBATCH-UPD$b00$c20220331$lBLL01$h0843
=CAT  \\$aIPL-CLA$c20220331$lBLL01$h2132
=CFI  0\$aBritish Library not licensed to copy$c0$e01-apr-2022$hC$iCFP Excluded$5Uk
=FIN  \\$aY
=LEO  \\$aMP5.0001726235
=LEO  \\$aMP8.0001666803
=LEO  \\$aMP25.0000345136
=SRC  \\$aBNB03$bbibmp5.200404.2.ac
=SRC  \\$aDSC01$bbibmp8.200404.2.ac
=SRC  \\$aSRI01$bbibmp25.200404.2.aa
=LAS  \\$aIPL-CLA$b00$c20220331$lBLL01$h2132

