=LDR  02147cam a2200613 a 4500
=001  008430925
=003  Uk
=005  20220331213251.0
=008  010920s2001\\\\enka\\\||\\\\\001\||eng\\
=FMT  \\$a  BK
=015  \\$aGBA154518$2bnb
=019  y\$abA154518
=019  9\$a0792374827
=019  a\$aG07249698
=019  0\$as670901008
=020  \\$a0792374827 :$c£73.00
=039  0\$a2660
=040  \\$aDLC$cDLC$dUk
=082  04$a005.43$221
=084  \\$aPM 67$2blsrissc
=100  1\$aKim, Dongmin,$d1966-
=245  10$aVirtual computing :$bconcept, design, and evaluation /$cby Dongmin Kim, Salim Hariri.
=260  \\$aBoston, MA ;$aLondon :$bKluwer Academic Publishers,$cc2001.
=300  \\$axvii, 124 p. :$bill. ;$c25 cm.
=336  \\$atext$2rdacontent
=337  \\$aunmediated$2rdamedia
=338  \\$avolume$2rdacarrier
=490  0\$aThe Kluwer international series in engineering and computer science ;$vSECS 633
=504  \\$aIncludes bibliographical references and index.
=597  \\$aEnhanced$bSRIS DDC
=598  \\$aPROV.RECORD
=540  \\$aBritish Library not licensed to copy$c0$5Uk
=650  \0$aVirtual computer systems.
=700  1\$aHariri, Salim.
=886  2\$2ukmarc$a900$b10$aHariri$hS.$kSalim$xSee$aHariri, Salim$z700
=852  41$aBritish Library$bDSC$i5099.730
=852  71$aBritish Library$bSTI$k(B)$hPM 67$2blsrissc
=945  \\$aThe Kluwer international series in engineering and computer sciences ; No 633
=957  \\$a010903c
=CAT  \\$aCONV$b00$c20040425$lBLL90$h0622
=CAT  \\$aCONV$b00$c20040502$lBLL01$h1253
=CAT  \\$aglobal_upd$b40$c20060417$lBLL01$h0619
=CAT  \\$aBATCH$b00$c20091122$lBLL01$h0041
=CAT  \\$aBATCH-CLAB$c20220330$lBLL01$h1732
=CAT  \\$aIPL-CLA$c20220331$lBLL01$h2132
=CFI  0\$aBritish Library not licensed to copy$c0$e01-apr-2022$hC$iCFP Excluded$5Uk
=FIN  \\$aY
=LEO  \\$aMP5.0001726434
=LEO  \\$aMP8.0001729653
=LEO  \\$aMP25.0000350743
=SRC  \\$aBNB03$bbibmp5.200404.2.ac
=SRC  \\$aDSC01$bbibmp8.200404.2.ac
=SRC  \\$aSRI01$bbibmp25.200404.2.aa
=LAS  \\$aIPL-CLA$b00$c20220331$lBLL01$h2132

