=LDR  01200 am a2200373ua 4500
=001  006760859
=003  Uk
=005  20110929115400.0
=008  881101|1927\\\\enk\\\\||\\\\||||\||eng\\
=FMT  \\$a  BK
=019  0\$as066725003
=040  \\$aUk$cUk
=084  \\$aTD 90$2blsrissc
=100  1\$aGardner, John Starkie,$d1844-1930.
=245  10$aIronwork /$cby J. Starkie Gardner. Part 1, From the earliest times to the end of the Mediaeval period.
=250  \\$a4th ed /$brevised by W.W. Watts.
=260  \\$aLondon :$bVictoria and Albert Museum,$c1927.
=300  \\$a146p. ;$c23cm.
=336  \\$atext$2rdacontent
=337  \\$aunmediated$2rdamedia
=338  \\$avolume$2rdacarrier
=700  1\$aWatts, W. W.
=710  2\$aVictoria and Albert Museum.
=852  11$aBritish Library$bDSC$h739
=852  71$aBritish Library$bSTI$cRES$k(B)$hTD 90$2blsrissc
=968  \\$bX
=CAT  \\$aCONV$b00$c20040502$lBLL01$h1157
=CAT  \\$aBATCH$b00$c20091118$lBLL01$h0148
=CAT  \\$aBATCH-UPD$b00$c20100212$lBLL01$h1759
=CAT  \\$a5194$b40$c20110929$lBLL01$h1154
=FIN  \\$aY
=LEO  \\$aMP25.0000006706
=SRC  \\$aSRI01$bbibmp25.200404.2.aa
=LAS  \\$a5194$b40$c20110929$lBLL01$h1154

