=LDR  01937pam a2200553 a 4500
=001  006965534
=003  Uk
=005  20050617082334.0
=008  030213s2003\\\\pau\\\\\\d\\\\000\0\eng\\
=FMT  \\$a  BK
=015  \\$aGBA3Y0778$2bnb
=016  7\$a006965534$2Uk
=019  y\$abA3Y0778
=019  9\$a0721601464
=020  \\$a0721601464 :$c£34.99
=035  \\$a(IeDuTC)IeDuTCb13324338
=039  0\$a2736
=040  \\$aStDuBDS$dIeDuTC$dUk
=042  \\$aukscp
=082  04$a610.3$222
=100  1\$aDorland, W. A. Newman$q(William Alexander Newman),$d1864-1956.
=245  10$aDorland's illustrated medical dictionary /$c[William Alexander Newman Dorland].
=246  3\$aDorland's pocket medical dictionary
=246  3\$aDorland's electronic medical speller
=250  \\$a30th ed.
=260  \\$aPhiladelphia, Pa. ;$aLondon :$bSaunders,$cc2003.
=300  \\$axxvii, 2190 p. :$bill. (chiefly col.) ;$c29 cm. +$eCD-ROM.
=336  \\$atext$2rdacontent
=337  \\$aunmediated$2rdamedia
=338  \\$avolume$2rdacarrier
=500  \\$aPrevious ed.: 2000.
=500  \\$aCD-ROM entitled: Dorland's pocket medical dictionary for PDA, v.2.0 : with download access to Dorland's electronic medical speller, v.4.0.
=500  \\$aFormerly CIP.$5Uk
=650  \0$aMedicine$vDictionaries.
=852  11$aBritish Library$bSTI$k(B)$h610.3$3Accompanying CD-ROM at (TB) 610.3
=852  11$aBritish Library$bSTI$k(TB)610.3
=CAT  \\$aCONV$b00$c20040425$lBLL90$h0536
=CAT  \\$aCONV$b00$c20040502$lBLL01$h1208
=CAT  \\$aCIP_LDO_M$b00$c20050604$lBLL01$h1456
=CAT  \\$a10812$b40$c20050615$lBLL01$h0913
=CAT  \\$a7732$b40$c20050617$lBLL01$h0823
=CAT  \\$aWR16_021$c20160609$lBLL01$h1943
=FIN  \\$aY$d20050617
=LDO  \\$aCIP
=LEO  \\$aMP5.0000208279
=SRC  \\$aLDS01$bbiblm.200404.2.aa
=SRC  \\$aBNB03$bbibmp5.200404.2.aa
=SRC  \\$aLDL
=LAS  \\$aWR16_021$b00$c20160609$lBLL01$h1943

