=LDR  02152 as a2200613 a 4500
=001  007026827
=003  Uk
=005  20210223103155.0
=006  aa\\\|||||||||||||
=008  020626d20002010enk|||p|\|\\\\0\\\a0eng\\
=FMT  \\$a  SE
=015  \\$aGBA242868$2bnb
=019  y\$abA242868
=019  9\$abA242868
=019  0\$as677690002
=039  0\$a2698
=040  \\$aUk$cUk$dUk
=082  04$a332.1094105$221
=130  0\$aBanking (London, England : 2000)
=245  10$aBanking /$cInternational Financial Services London.
=260  \\$aLondon (7th Floor, 1-2 Bank Buildings, Princes St., London, EC2R 8EU) :$bIFSL
=300  \\$av. ;$c30 cm.
=336  \\$atext$2rdacontent
=337  \\$aunmediated$2rdamedia
=338  \\$avolume$2rdacarrier
=362  0\$a[2000]-
=490  0\$aCity business series
=500  \\$aDescription based on: 2002 issue.
=530  \\$aAlso available on the Internet.
=597  \\$aEnhanced$bSRIS DDC
=650  \0$aBanks and banking$zGreat Britain$vPeriodicals.
=690  7\$aManagement and Business Studies$2blcoll
=710  2\$aInternational Financial Services, London.
=785  01$tForeign exchange
=886  2\$2ukmarc$a910$b20$aIFSL$xSee$aInternational Financial Services, London$z710
=886  2\$2ukmarc$a910$b20$aBritish Invisibles$xSee also$aInternational Financial Services, London$z710
=852  41$aBritish Library$bSTI$cRES$3Earlier issues
=852  11$aBritish Library$bSTI$k(P)$h332.1094105$m-E(2) Business$2blsrissc$3(Mar. 2006)-(Feb. 2008)
=957  \\$a020625d
=CAT  \\$aCONV$b00$c20040425$lBLL90$h0530
=CAT  \\$aCONV$b00$c20040502$lBLL01$h1207
=CAT  \\$a11187$b40$c20060626$lBLL01$h1139
=CAT  \\$aBATCH$b00$c20090517$lBLL01$h1801
=CAT  \\$aBATCH$b00$c20091118$lBLL01$h2214
=CAT  \\$a6550$b40$c20120614$lBLL01$h1447
=CAT  \\$aWR14_140$c20140905$lBLL01$h1709
=CAT  \\$a6490$b40$c20210223$lBLL01$h1031
=FIN  \\$aY
=LEO  \\$aMP5.0000012296
=LEO  \\$aMP25.0000356896
=SRC  \\$aBNB03$bbibmp5.200404.2.aa
=SRC  \\$aSRI01$bbibmp25.200404.2.aa
=TCO  \\$aCLA$bCLA$c008
=LAS  \\$a6490$b40$c20210223$lBLL01$h1031

