=LDR  01709 am a2200541 a 4500
=001  007033423
=003  Uk
=005  20190307113652.0
=008  030707s2003\\\\enka\\\||\\\\\000\||eng\\
=FMT  \\$a  BK
=015  \\$aGBA349682$2bnb
=019  y\$abA349682
=019  9\$abA349682
=019  0\$as687378001
=020  \\$cNo price (spiral)
=039  0\$a2750
=040  \\$aUk$cUk
=082  04$a338.473914130941$221
=084  \\$aAL 934$2blsrissc
=245  00$aVerdict on... how Britain shops for footwear 2003.
=260  \\$aLondon :$bVerdict,$cc2003.
=300  \\$aiv, 89 p. :$bill. ;$c30 cm.
=336  \\$atext$2rdacontent
=337  \\$aunmediated$2rdamedia
=338  \\$avolume$2rdacarrier
=490  0\$aHow Britain shops 2003
=500  \\$aRunning title: Verdict on how Britain shops for footwear 2003.
=597  \\$aEnhanced$bSRIS DDC
=650  \0$aRetail trade surveys$zGreat Britain.
=650  \0$aFootwear$zGreat Britain.
=690  7\$aManagement and Business Studies$2blcoll
=710  2\$aVerdict Research.
=852  71$aBritish Library$bSTI$cRES$k(XB)$hAL 934$2blsrissc
=852  71$aBritish Library$bSTI$2blsrissc
=957  \\$a030707p
=CAT  \\$aCONV$b00$c20040425$lBLL90$h0531
=CAT  \\$aCONV$b00$c20040502$lBLL01$h1207
=CAT  \\$a5100$b40$c20040611$lBLL01$h1154
=CAT  \\$a5100$b40$c20040611$lBLL01$h1156
=CAT  \\$aBATCH$b00$c20090517$lBLL01$h1803
=CAT  \\$aBATCH$b00$c20091118$lBLL01$h2218
=CAT  \\$a10932$b40$c20190307$lBLL01$h1136
=FIN  \\$aY
=LEO  \\$aMP5.0000023532
=LEO  \\$aMP25.0000364980
=SRC  \\$aBNB03$bbibmp5.200404.2.aa
=SRC  \\$aSRI01$bbibmp25.200404.2.aa
=LAS  \\$a10932$b40$c20190307$lBLL01$h1136

