=LDR  03098 am a2200745 a 4500
=001  007041317
=003  Uk
=005  20091118222200.0
=008  020527s2002\\\\enk\\\\||bc\\\000\||eng\\
=FMT  \\$a  BK
=015  \\$aGBA1U3079$2bnb
=019  y\$abA1U3079
=019  9\$a0712308695
=019  8\$angb200214773
=019  a\$aG07613545
=019  0\$as676993001
=020  \\$a0712308695 (pbk.) :$c£65.00
=039  0\$a2693
=040  \\$aStDuBDS$dUk
=072  \7$a05B$2sigle
=082  04$a016.65883$221
=082  04$a020$222
=084  \\$aAQ 91$2blsrissc
=110  2\$aBritish Library.
=245  10$aMarket research :$ba guide to the British Library collections.
=250  \\$a9th ed. /$bcompiled by Alan Gomersall and Ian Stewart.
=260  \\$aLondon :$bBritish Library,$c2002.
=300  \\$avii, 491 p. ;$c30 cm.
=336  \\$atext$2rdacontent
=337  \\$aunmediated$2rdamedia
=338  \\$avolume$2rdacarrier
=500  \\$aPrevious ed.: / by British Library Science Reference and Information Service. 1994.
=610  24$aBritish Library$vCatalogs.
=650  \0$aMarketing research$vBibliography$vCatalogs.
=650  \0$aInformation science
=653  \\$aInformation science & librarianship
=700  1\$aGomersall, Alan.
=700  1\$aStewart, Ian,$d1949-
=710  2\$aBritish Library.$bScience Reference and Information Service.$tMarket research.
=886  2\$2ukmarc$a900$b10$aGomersall$hA.$kAlan$xSee$aGomersall, Alan$z700
=886  2\$2ukmarc$a910$b20$aBritish Museum$cLibrary$xSee also$aBritish Library$z110
=886  2\$2ukmarc$a910$b20$aBritish Museum$cLibrary$xSee also$aBritish Library$z610
=886  2\$2ukmarc$a910$b20$aBritish Library$cScience Technology and Industry$cScience Reference and Information Service$xSee$aBritish Library.$xScience Reference and Information Service$z710
=886  2\$2ukmarc$a910$b20$aSRIS$xSee$aBritish Library.$xScience Reference and Information Service$z710
=886  2\$2ukmarc$a910$b20$aScience Reference Library$eBritish Library$xSee also$aBritish Library.$xScience Reference and Information Service$z710
=886  2\$2ukmarc$a910$b20$aBritish Library$cScience Technology and Business$xSee also$aBritish Library.$xScience Reference and Information Service$z710
=852  71$aBritish Library$bSTI$cRES$k(XB)$hAQ 91$2blsrissc
=852  41$aBritish Library$bDSC$i5381.549
=945  \\$aMarket Research -London- British Library science reference and Information service- ; v 9
=957  \\$a020502c
=CAT  \\$aCONV$b00$c20040425$lBLL90$h0535
=CAT  \\$aCONV$b00$c20040502$lBLL01$h1207
=CAT  \\$aglobal_upd$b40$c20060417$lBLL01$h0323
=CAT  \\$asigle_ddc$b40$c20070409$lBLL01$h1909
=CAT  \\$aBATCH$b00$c20091118$lBLL01$h2222
=FIN  \\$aY
=LEO  \\$aMP5.0000199843
=LEO  \\$aMP5.0001656387
=LEO  \\$aMP8.0001797028
=LEO  \\$aMP25.0000356285
=SRC  \\$aBNB03$bbibmp5.200404.2.aa
=SRC  \\$aBNB03$bbibmp5.200404.2.ac
=SRC  \\$aDSC01$bbibmp8.200404.2.ac
=SRC  \\$aSRI01$bbibmp25.200404.2.aa
=LAS  \\$aBATCH$b00$c20091118$lBLL01$h2222

