=LDR  01054 am a22003493  4500
=001  005349465
=003  Uk
=005  20130316234500.0
=008  970225|1939\\\\enk\\\\||\\\\||||\||eng\|
=FMT  \\$a  BK
=019  0\$as080248004
=040  \\$aUk$cUk
=084  \\$aOP 04$2blsrissc
=110  1\$aGreat Britain.$bMeteorological Office.
=245  14$aThe meteorological glossary.
=250  \\$a3rd ed.
=260  \\$aLondon :$bMeteorological Office,$c1939.
=300  \\$a252p. ;$c25cm.
=336  \\$atext$2rdacontent
=337  \\$aunmediated$2rdamedia
=338  \\$avolume$2rdacarrier
=500  \\$aContains 9 plates.
=852  11$aBritish Library$bDSC$cQ$h551.5
=852  71$aBritish Library$bSTI$cRES$k(B)$hOP 04$2blsrissc
=CAT  \\$aCONV$b00$c20040502$lBLL01$h1057
=CAT  \\$a5194$b40$c20070315$lBLL01$h1503
=CAT  \\$aBATCH$b00$c20091205$lBLL01$h2308
=CAT  \\$aBATCH-UPD$b00$c20130316$lBLL01$h2345
=FIN  \\$aY
=LEO  \\$aMP26.0000003914
=SRC  \\$aSRI02$bbibmp26.200404.2.aa
=LAS  \\$aBATCH-UPD$b00$c20130316$lBLL01$h2345

