=LDR  00962 am a22003133  4500
=001  005351934
=003  Uk
=005  20091205230900.0
=008  960806|1948\\\\enk\\\\||\\\\||||\||eng\|
=FMT  \\$a  BK
=019  0\$as08620100x
=040  \\$aUk$cUk
=084  \\$aSM 81$2blsrissc
=110  2\$aScientific and Industrial Research Department.
=245  10$aTreatment and disposal of industrial waste waters /$cby B. A. Southgate.
=260  \\$aLondon :$bDSIR,$c1948.
=300  \\$aviii, 328p. ;$c25cm.
=336  \\$atext$2rdacontent
=337  \\$aunmediated$2rdamedia
=338  \\$avolume$2rdacarrier
=700  1\$aSouthgate, B. A.
=852  11$aBritish Library$bDSC$h628.54
=852  71$aBritish Library$bSTI$cRES$k(B)$hSM 81$2blsrissc
=CAT  \\$aCONV$b00$c20040502$lBLL01$h1057
=CAT  \\$aBATCH$b00$c20091205$lBLL01$h2309
=FIN  \\$aY
=LEO  \\$aMP26.0000006383
=SRC  \\$aSRI02$bbibmp26.200404.2.aa
=LAS  \\$aBATCH$b00$c20091205$lBLL01$h2309

