=LDR  01246 am a22003733  4500
=001  005352908
=003  Uk
=005  20050207160923.0
=008  960514|1950\\\\enk\\\\||\\\\||||\||eng\|
=FMT  \\$a  BK
=019  0\$as088598004
=040  \\$aUk$cUk
=084  \\$aMA 00$2blsrissc
=110  1\$aGreat Britain.$bMinistry of Supply.
=245  10$aAdhesives.
=260  \\$aLondon :$bthe Ministry,$c1950.
=300  \\$aiv,89p. ;$c25cm.
=336  \\$atext$2rdacontent
=337  \\$aunmediated$2rdamedia
=338  \\$avolume$2rdacarrier
=490  0\$aSelected Governemnt Research Reports ;$vVol. 7
=500  \\$aContains 6 plates.
=500  \\$aPublished for the Technical Information and Documents Unit of the Board of Trade.
=710  1\$aGreat Britain.$bBoard of Trade.$bTechnical Information and Documents Unit
=852  11$aBritish Library$bDSC$h668.3
=852  71$aBritish Library$bSTI$cRES$k(B)$hMA 00$2blsrissc
=CAT  \\$aCONV$b00$c20040502$lBLL01$h1057
=CAT  \\$a9081$b40$c20050207$lBLL01$h1609
=CAT  \\$aBATCH-UPD$b40$c20070704$lBLL01$h1212
=CAT  \\$aBATCH$b00$c20091205$lBLL01$h2309
=FIN  \\$aY
=LEO  \\$aMP26.0000007357
=SRC  \\$aSRI02$bbibmp26.200404.2.aa
=LAS  \\$aBATCH$b00$c20091205$lBLL01$h2309

