=LDR  01342 am a22004093  4500
=001  005372604
=003  Uk
=005  20200619192739.0
=008  950809|1963\\\\enk\\\\||\\\\||||\||eng\|
=FMT  \\$a  BK
=019  0\$as205126006
=040  \\$aUk$cUk
=084  \\$aOP 04$2blsrissc
=110  1\$aGreat Britain.$bMeteorological Office.
=245  10$aMeteorological glossary.
=250  \\$a4th ed. /$bcompiled by D. H. McIntosh.
=264  \1$aLondon,$c1963.
=300  \\$a291 pages ;$c(8º)
=336  \\$atext$2rdacontent
=337  \\$aunmediated$2rdamedia
=338  \\$avolume$2rdacarrier
=700  1\$aMcIntosh, Douglas Haig.
=852  71$aBritish Library$bSTI$cRES$k(B)$hOP 04$2blsrissc
=852  11$aBritish Library$bDSC$cQ$h551.5
=852  71$aBritish Library$bSTI$k(B)$hOP 04$2blsrissc
=985  \\$aCorrected by MS generated file for WR# 1805-0738
=CAT  \\$aCONV$b00$c20040502$lBLL01$h1057
=CAT  \\$a5194$b40$c20070315$lBLL01$h1503
=CAT  \\$aBATCH$b00$c20091205$lBLL01$h2319
=CAT  \\$aBATCH-UPD$b00$c20130316$lBLL01$h2345
=CAT  \\$a1805-0738$c20181214$lBLL01$h1830
=CAT  \\$a1805-0738$b00$c20181214$lBLL01$h1904
=CAT  \\$aW2001-2376$c20200619$lBLL01$h1927
=FIN  \\$aY
=LEO  \\$aMP26.0000027053
=SRC  \\$aSRI02$bbibmp26.200404.2.aa
=LAS  \\$aW2001-2376$b00$c20200619$lBLL01$h1927

