=LDR  01864cam a22003853  4500
=001  002515333
=003  Uk
=005  20220907113448.0
=008  990728||||||||||||\\\\||\\\\||||\||grc\\
=FMT  \\$a  BK
=019  x\$a2233720016
=040  \\$aUk$cUk
=041  \\$agrc$alat
=245  10$a[Του ἐν ἁγιοις πατρος ἡμων Μοδεστου ... Ἐγκωμιον εἰς την Κοιμησιν της ὑπεραγιας Δεσποινης ... Μαριας. Sancti ... Modesti ... Encomium etc. Gr. & Lat.]
=336  \\$atext$2rdacontent
=337  \\$aunmediated$2rdamedia
=338  \\$avolume$2rdacarrier
=580  \\$aIn: Migne (J. P.) Patrologiæ cursus completus. Series Græca. tom 86. pt. 2. 1857, etc. 4º.
=546  \\$aIn Greek and Latin.
=720  \\$aMODESTUS, Patriarch of Jerusalem$emain entry
=787  0\$tΤου ἐν ἁγιοις πατρος ἡμων Μοδεστου ... Ἐγκωμιον εἰς την Κοιμησιν της ὑπεραγιας Δεσποινης ... Μαριας. Sancti ... Modesti ... Encomium etc. Gr. & Lat.$w(Uk)MP1.0002668682$dpp. 57. Romæ, 1760. 4º.
=883  0\$aLanguage codes assigned by Bayesian analysis of words present in record$d20201028$qUk$c0.9010
=852  11$aBritish Library$bHMNTS$kHLR$h270
=852  11$aBritish Library$bHMNTS$cSPHOA$kMSS$h270$3[Another copy.]
=985  \\$aDisaggregated record: Type B
=985  \\$aFormer 250 field split into notes fields for WR#2209-0443
=CAT  \\$aCONV$b00$c20040502$lBLL01$h0944
=CAT  \\$aBATCH$b00$c20091129$lBLL01$h2324
=CAT  \\$aW2201-1476$b00$c20220204$lBLL01$h1831
=CAT  \\$aBATCH-UPD$b00$c20220205$lBLL01$h0107
=CAT  \\$aW2209-0443$c20220907$lBLL01$h1149
=FIN  \\$aY
=LEO  \\$aMP1.0002668682.1
=SRC  \\$aBLS01$bbibmp1.200404.2.ac
=LAS  \\$aW2209-0443$b00$c20220907$lBLL01$h1149

