=LDR  01842cam a2200493 i 4500
=001  018652441
=003  Uk
=005  20190521113708.0
=008  171215s2018\\\\ii\a\\\\\b\\\\001\0\eng\d
=FMT  \\$a  BK
=015  \\$aGBB7O6620$2bnb
=016  7\$a018652441$2Uk
=020  \\$a9789352701926$qpaperback
=020  \\$a9352701925$qpaperback
=040  \\$aStDuBDS$beng$cStDuBDS$dUk$erda
=042  \\$aukblsr
=082  04$a617.412059$223
=245  00$aPercutaneous mitral valvotomy /$c[edited by] Harikrishnan S. ; forewords, Jaganmohan A. Tharakan, C.N. Manjunath.
=250  \\$aSecond edition.
=264  \1$aNew Delhi :$bJaypee Brothers,$c2018.
=300  \\$axxxi, 511 pages :$billustrations (colour) ;$c24 cm +$e1 DVD-ROM
=336  \\$atext$2rdacontent
=336  \\$astill image$2rdacontent
=336  \\$atwo-dimensional moving image$2rdacontent
=337  \\$aunmediated$2rdamedia
=337  \\$acomputer$2rdamedia
=338  \\$avolume$2rdacarrier
=338  \\$acomputer disc$2rdacarrier
=500  \\$aAccompanying CD/DVD ROM is compatible and playable only in computers and not in DVD player.
=500  \\$aDVD contains 87 videos.
=504  \\$aIncludes bibliographical references and index.
=500  \\$aFormerly CIP.$5Uk
=650  \0$aMitral valve$xSurgery.
=650  \0$aPercutaneous balloon valvotomy.
=700  1\$aS., Harikrishnan,$eeditor.
=852  11$aBritish Library$bSTI$k(B)$h617.412059$3Accompanying DVD held at (TB)617.412059
=852  11$aBritish Library$bSTI$k(TB)617.412059
=CAT  \\$aBATCH-CIPN$b00$c20171219$lBLL01$h1701
=CAT  \\$a15257$b40$c20190520$lBLL01$h0932
=CAT  \\$a5883$b40$c20190521$lBLL01$h1137
=CAT  \\$aBATCH-UPD$b40$c20220530$lBLL01$h2042
=CAT  \\$aBATCH-UPD$b40$c20220729$lBLL01$h2055
=FIN  \\$aY$d20190521
=LAS  \\$aBATCH-UPD$b40$c20220729$lBLL01$h2055

