=LDR  01977 am a2200505 i 4500
=001  019404996
=003  Uk
=005  20190521112655.0
=008  190516s2019\\\\enka\\\\\b\\\|0|0\0|eng\\
=FMT  \\$a  BK
=015  \\$aGBB992739$2bnb
=016  7\$a019404996$2Uk
=020  \\$a9781840578690$qpaperback
=040  \\$aUk$beng$cUk$erda
=042  \\$aukblsr
=082  04$a363.73874630941$223
=100  1\$aBehling, I.$q(Ian),$eauthor.
=245  10$aWorkbook for estimating operational GHG emissions /$cauthor of report, Behling, Ian, Bonifazi, Eugenia, Hinton, Sam.
=246  13$aWorkbook for estimating operational greenhouse gas emissions
=250  \\$aVersion 13.
=264  \1$aLondon :$bUK Water Industry Research Limited,$c2019.
=300  \\$a13 pages :$billustrations (colour) ;$c30 cm +$e1 CD-ROM.
=336  \\$atext$2rdacontent
=337  \\$aunmediated$2rdamedia
=337  \\$acomputer$2rdamedia
=338  \\$avolume$2rdacarrier
=338  \\$acomputer disc$2rdacarrier
=490  1\$aUKWIR report ;$vref. no. 19/CL/01/27
=500  \\$aCD-ROM in pocket attached to inside front cover.
=500  \\$aSpiral bound.
=504  \\$aIncludes bibliographical references.
=650  \0$aGreenhouse gas mitigation$zGreat Britain.
=650  \0$aEnvironmental monitoring$zGreat Britain.
=650  \0$aWater utilities$zGreat Britain.
=700  1\$aBonifazi, E.$q(Eugenia),$eauthor.
=700  1\$aHinton, S.$q(Sam),$d1989-$eauthor.
=710  2\$aUnited Kingdom Water Industry Research,$epublisher.
=830  \0$aReport (United Kingdom Water Industry Research) ;$vref. no. 19/CL/01/27.
=852  11$aBritish Library$bSTI$k(TB)$h363.7387463094
=852  11$aBritish Library$bSTI$k(B) 363.73874630941$3Accompanying CD-ROM at (TB) 363.73874630941
=CAT  \\$a8337$b40$c20190516$lBLL01$h1001
=CAT  \\$a8964$b40$c20190521$lBLL01$h1126
=CAT  \\$aBATCH-016$c20190522$lBLL01$h2218
=FIN  \\$aY$d20190521
=LAS  \\$aBATCH-016$b00$c20190522$lBLL01$h2218

