=LDR  02234cam a2200565 i 4500
=001  017417050
=003  Uk
=005  20160727143208.0
=008  141201s2016\\\\enk\\\\\\\\\\\001\0\eng\d
=FMT  \\$a  BK
=015  \\$aGBB683052$2bnb
=016  7\$a017417050$2Uk
=020  \\$a9781783300167 (hardback)
=020  \\$a1783300167 (hardback)
=020  \\$z9781783300485 (e-book)
=035  \\$a(OCoLC)898841927$z(OCoLC)869904514$z(OCoLC)908713430
=040  \\$aCDX$beng$cCDX$dOCLCQ$dYDXCP$dBTCTA$dUk$erda
=042  \\$aukblsr
=082  04$a026.090941$223
=245  00$aDirectory of rare book and special collections in the United Kingdom and the Republic of Ireland /$cedited by Karen Attar.
=250  \\$aThird edition.
=264  \1$aLondon :$bFacet Publishing,$c[2016]
=300  \\$axx, 586 pages ;$c26 cm
=336  \\$atext$2rdacontent
=337  \\$aunmediated$2rdamedia
=338  \\$avolume$2rdacarrier
=530  \\$aAlso published electronically.
=500  \\$aIncludes index.
=650  \0$aRare books$zGreat Britain$vDirectories.
=650  \0$aRare books$zIreland$vDirectories.
=650  \0$aLibraries$xSpecial collections$zGreat Britain$vDirectories.
=650  \0$aLibraries$xSpecial collections$zIreland$vDirectories.
=700  1\$aAttar, Karen,$eeditor.
=710  2\$aChartered Institute of Library and Information Professionals (Great Britain).$bRare Books and Special Collections Group.
=852  41$aBritish Library$bHMNTS$cSPHOA$kRAR$hEnquiry Desk
=852  11$aBritish Library$bSTI$k(B)$h026.090941
=852  41$aBritish Library$bHMNTS$cSPHOA$kRAR$h027.541
=852  11$aBritish Library$bSTI$k(B)$h015.41044$mEnquiry Desk Science 2
=852  11$aBritish Library$bHMNTS$kNRR$hEnquiry Desk
=852  41$aBritish Library$bHMNTS$cSPHOA$kRAR$hEnquiry Desk
=CAT  \\$a9518$b40$c20150629$lBLL01$h0936
=CAT  \\$aBATCH-CIPC$b00$c20150728$lBLL01$h1701
=CAT  \\$a11014$b40$c20160616$lBLL01$h1629
=CAT  \\$a11014$b40$c20160617$lBLL01$h0856
=CAT  \\$aWR16_021$c20160718$lBLL01$h1803
=CAT  \\$a5751$b40$c20160727$lBLL01$h1432
=CAT  \\$aW2308-1659$c20230923$lBLL01$h0952
=FIN  \\$aY$d20160616
=SID  \\$aZ39$bOCLC
=LAS  \\$aW2308-1659$b00$c20230923$lBLL01$h0952

