=LDR  01536pam a2200445 i 4500
=001  018831720
=003  Uk
=005  20180724092527.0
=008  180322s2018\\\\ii\a\\\\\\\\\\001|0|eng|d
=FMT  \\$a  BK
=015  \\$aGBB868919$2bnb
=016  7\$a018831720$2Uk
=020  \\$a9789352703166 (pbk.) :$c£120.00
=040  \\$aStDuBDS$beng$cStDuBDS$dUk$erda
=042  \\$aukblcatcopy
=082  04$a615.781$223
=100  1\$aBaheti, Dwarkadas K.,$eauthor.
=245  10$aUnderstanding anesthetic equipment & procedures :$ba practical approach /$cDwarkadas K. Baheti, Vandana Laheri.
=250  \\$aSecond edition.
=264  \1$aNew Delhi :$bJaypee Brothers,$c2018.
=300  \\$axx, 557 pages :$billustrations ;$c28 cm +$e2 DVD-ROMs
=336  \\$atext$2rdacontent
=336  \\$astill image$2rdacontent
=337  \\$aunmediated$2rdamedia
=337  \\$acomputer$2rdamedia
=338  \\$avolume$2rdacarrier
=338  \\$acomputer disc$2rdacarrier
=500  \\$aIncludes index.
=500  \\$aPrevious edition: 2015.
=500  \\$aFormerly CIP.$5Uk
=650  \0$aAnesthetics.
=650  \0$aAnesthesiology$xApparatus and instruments.
=700  1\$aLaheri, Vandana V.,$eauthor.
=852  11$aBritish Library$bSTI$k(TB) 615.781
=852  11$aBritish Library$bSTI$k(B)$h615.781$3Accompanying CD-ROM at (TB) 615.781
=CAT  \\$aBATCH-CIPN$b00$c20180410$lBLL01$h1703
=CAT  \\$a11168$b40$c20180723$lBLL01$h0910
=CAT  \\$a6605$b40$c20180724$lBLL01$h0925
=FIN  \\$aY$d20180724
=LAS  \\$a6605$b40$c20180724$lBLL01$h0925

