=LDR  03634 am a2200877 i 4500
=001  019229402
=003  Uk
=005  20210916134058.0
=008  180424m20182019enka\\\\\b\\\\001\0ceng\\
=FMT  \\$a  BK
=010  \\$a  2018011816
=020  \\$a9781474253871$qv. 1
=020  \\$a1474253873$qv. 1
=020  \\$a9781474254113$qv. 1-4
=020  \\$a147425411X$qv. 1-4
=020  \\$a9781474253949$qv. 2
=020  \\$a1474253946$qv. 2
=020  \\$a9781474253963$qv. 3
=020  \\$a1474253962$qv. 3
=020  \\$a9781474253970$qv. 4
=020  \\$a1474253970$qv. 4
=020  \\$a9781474254168$qv. 5-8
=020  \\$a1474254160$qv. 5-8
=020  \\$a9781474253987$qv. 5
=020  \\$a1474253989
=020  \\$a9781474253994$qv. 6
=020  \\$a1474253997$qv. 6
=020  \\$a9781474254007
=020  \\$a1474254004
=020  \\$a9781474254106
=020  \\$a1474254101
=024  8\$a40028697415
=024  8\$a40028697414
=035  \\$a(OCoLC)1033580812
=040  \\$aDLC$beng$cDLC$dOCLCO$dOCLCF$dOCLCQ$dYDX$dOCLCO$dFUG$dYUS$dUk$erda
=042  \\$aukblsr
=043  \\$ae------
=050  00$aPN2570$b.G84 2018
=082  00$a792.02330922$223
=245  04$aThe great European stage directors.
=264  \1$aLondon ;$aNew York :$bMetheun Drama,$c2018-2019.
=300  \\$a8 volumes :$billustrations (black and white) ;$c25 cm
=336  \\$atext$2rdacontent
=337  \\$aunmediated$2rdamedia
=338  \\$avolume$2rdacarrier
=505  0\$av. 1. Antoine, Stanislavski, Saint-Denis / edited by Peta Tiat -- v. 2. Meyerhold, Piscator, Brecht / edited by David Barnett -- v. 3. Copeau, Komisarjevsky, Guthrie / edited by Simon Shepherd -- v. 4. Reinhardt, Granville Barker, Jessner / edited by Peter W. Marx -- v. 5. Grotowski, Brook, Barba / edited by Paul Allain -- v. 6. Littlewood, Strehler, Planchon / edited by Clare Finburgh and Peter M. Boenisch -- v. 7. Barrault, Mnouchkine, Stein / edited by Felicia Hardison Londré -- v. 8. Bausch, Castellucci, Fabre / edited by Luk Van den Dries and Timmy de Laet.
=504  \\$aIncludes bibliographical references and indexes.
=650  \0$aTheatrical producers and directors$zEurope$vBiography.
=650  \0$aTheater$xProduction and direction$zEurope$xHistory$y20th century.
=650  \0$aTheater$zEurope$xHistory$y20th century.
=650  \7$aTheater.$2fast$0(OCoLC)fst01149217
=650  \7$aTheater$xProduction and direction.$2fast$0(OCoLC)fst01149278
=650  \7$aTheatrical producers and directors.$2fast$0(OCoLC)fst01149443
=651  \7$aEurope.$2fast$0(OCoLC)fst01245064
=648  \7$a1900-1999$2fast
=655  \7$aBiography.$2fast$0(OCoLC)fst01423686
=655  \7$aHistory.$2fast$0(OCoLC)fst01411628
=700  1\$aTait, Peta,$d1953-$eeditor.
=700  1\$aBarnett, David,$eeditor.
=700  1\$aPitches, Jonathan,$eeditor.
=700  1\$aPatterson, Michael,$eeditor.
=700  1\$aAllain, Paul,$eeditor.
=700  1\$aFinburgh, Clare,$eeditor.
=700  1\$aBoenisch, Peter M.,$eeditor.
=700  1\$aLondreʹ, Felicia Hardison,$eeditor.
=700  1\$aDries, Luk van den,$eeditor.
=700  1\$aLaet, Timmy De,$eeditor.
=776  08$iOnline version:$tGreat European stage directors.$w(DLC)  2018020358$dLondon ; New York : Metheun Drama, 2018$z9781474259880
=852  11$aBritish Library$bHMNTS$kHLR$h792.023
=852  11$aBritish Library$bHMNTS$cSPHOA$kHLR$h792.023
=CAT  \\$a6503$b40$c20190131$lBLL01$h1421
=CAT  \\$a6989$b40$c20201028$lBLL01$h1020
=CAT  \\$a11250$b40$c20210916$lBLL01$h1340
=FIN  \\$aY$d20201028
=SID  \\$aZ39$bOCLC
=LAS  \\$a11250$b40$c20210916$lBLL01$h1340

