=LDR  01919 am a2200493 i 4500
=001  017689861
=003  Uk
=005  20160610175048.0
=008  160104s2015\\\\enka\\\\\b\\\|0|0\0|eng\\
=FMT  \\$a  BK
=015  \\$aGBB605047$2bnb
=016  7\$a017689861$2Uk
=020  \\$a1840577924 (spiral bound)
=040  \\$aUk$beng$cUk$erda
=042  \\$aukblsr
=082  04$a333.9100941$223
=100  1\$aGuiu, R.$q(Roger),$eauthor.
=245  10$aWater Framework Directive (WFD), disproportionate costs /$cauthor of report: Guiu, R [and five others].
=264  \1$aLondon :$bUK Water Industry Research Limited,$c2015.
=300  \\$a46 pages :$billustrations (colour) ;$c30 cm +$e1 CD-ROM.
=336  \\$atext$2rdacontent
=336  \\$astill image$2rdacontent
=337  \\$aunmediated$2rdamedia
=337  \\$acomputer$2rdamedia
=338  \\$avolume$2rdacarrier
=338  \\$acomputer disc$2rdacarrier
=490  1\$aReport ;$vref. no. 15/RG/08/10
=500  \\$aIncludes CD-ROM with accompanying files in plastic pocket attached inside front cover.
=504  \\$aIncludes bibliographical references.
=650  \0$aWater quality management$zGreat Britain$xCosts.
=650  \0$aWater quality$xMeasurement$xCosts.
=710  2\$aUnited Kingdom Water Industry Research.
=830  \0$aReport (United Kingdom Water Industry Research) ;$vno. 15/RG/08/10.
=852  11$aBritish Library$bSTI$k(B)333.9100941$3Accompanying CD-ROM held at (TB)333.9100941
=852  11$aBritish Library$bSTI$k(TB)$h333.9100941
=CAT  \\$a10812$b40$c20160104$lBLL01$h0957
=CAT  \\$a7000$b40$c20160107$lBLL01$h1327
=CAT  \\$a7000$b40$c20160107$lBLL01$h1333
=CAT  \\$a7000$b40$c20160107$lBLL01$h1336
=CAT  \\$a9572$b40$c20160610$lBLL01$h1750
=CAT  \\$aBATCH-UPD$b40$c20160610$lBLL01$h1751
=CAT  \\$aWR16_021$c20160720$lBLL01$h1704
=FIN  \\$aY$d20160107
=LAS  \\$aWR16_021$b00$c20160720$lBLL01$h1704

