=LDR  01907cam a2200457 i 4500
=001  018369531
=003  Uk
=005  20170616113832.0
=008  170323s2017\\\\njua\\\\\b\\\|0|1\0|eng\d
=FMT  \\$a  BK
=016  7\$a018369531$2Uk
=020  \\$a9813209941$qhc
=020  \\$a9789813209947$qhc
=035  \\$a(OCoLC)976247338$z(OCoLC)976395391$z(OCoLC)978491107$z(OCoLC)978940168$z(OCoLC)979013917$z(OCoLC)979386088$z(OCoLC)979483081
=040  \\$aYDX$beng$cYDX$dOCLCO$dUk$erda
=042  \\$aukblsr
=050  \4$aQC670$b.M415 2017
=082  04$a535.15$223
=100  1\$aMeis, Constantin,$eauthor.
=245  10$aLight and vacuum :$bthe wave-particle nature of the light and the quantum vacuum : electromagnetic theory and quantum electrodynamics beyond the standard model /$cConstantin Meis, Institute for Nuclear Science & Technology, France.
=250  \\$aSecond edition.
=264  \1$aNew Jersey :$bWorld Scientific,$c[2017]
=300  \\$axvii, 144 pages :$billustrations (colour) ;$c24 cm
=336  \\$atext$btxt$2rdacontent
=337  \\$aunmediated$bn$2rdamedia
=338  \\$avolume$bnc$2rdacarrier
=504  \\$aIncludes bibliographical references and index.
=500  \\$aFirst published under title Light and vacuum : the wave-particle nature of the light and the quantum vacuum through the coupling of electromagnetic theory and quantum electrodynamics.
=650  \0$aWave theory of light.
=650  \0$aVacuum.
=650  \0$aElectromagnetic theory.
=650  \0$aQuantum electrodynamics.
=852  11$aBritish Library$bHMNTS$k(B)$h535.15
=852  11$aBritish Library$bSTI$k(B)$h535.15
=CAT  \\$a11253$b40$c20170607$lBLL01$h1114
=CAT  \\$a8964$b40$c20170616$lBLL01$h1138
=CAT  \\$aBATCH-016$c20170621$lBLL01$h2156
=CAT  \\$aW2308-1659$c20230923$lBLL01$h1016
=FIN  \\$aY$d20170616
=SID  \\$aZ39$bOCLC
=LAS  \\$aW2308-1659$b00$c20230923$lBLL01$h1016

