=LDR  00879 as a22002897a 4500
=001  015268621
=003  Uk
=005  20090601105814.0
=007  ta
=008  090601d193719uuat\uu\\\\\\\\\0\\\a0eng\\
=040  \\$aUk$beng$cUk
=245  00$a[Australian Commonwealth patents. New series].
=300  \\$av.
=336  \\$atext$2rdacontent
=337  \\$aunmediated$2rdamedia
=338  \\$avolume$2rdacarrier
=650  \0$aPatents$zAustralia.
=852  41$aBritish Library$bSTI$h015268621$3no. 100001 (1937)-no. 296236 (1970)
=852  71$aBritish Library$bSTI$cBIPC
=985  \\$aBIPC COLLECTION LEVEL RECORD. DO NOT EDIT OR DELETE.
=CAT  \\$a8874$b40$c20090601$lBLL01$h0750
=CAT  \\$a8874$b40$c20090601$lBLL01$h0752
=CAT  \\$a8874$b40$c20090601$lBLL01$h1058
=FIN  \\$aY$d20090601
=FMT  \\$a  SE
=LAS  \\$a8874$b40$c20090601$lBLL01$h1058
=TCO  \\$aAUS$bCAL$c008

