=LDR  01629 am a2200445 a 4500
=001  015285725
=003  Uk
=005  20090716133241.0
=008  090609s2009\\\\gw\a\\\\\\\\\\001\0\ger\\
=015  \\$aGBA970684$2bnb
=016  7\$a015285725$2Uk
=020  \\$a9783895783241 :$cNo price
=040  \\$aUk$beng$cUk
=042  \\$aukblsr
=082  04$a629.895$222
=100  1\$aBerger, Hans,$d1949-
=245  10$aAutomatisierung mit STEP 7 in AWL und SCL :$bspeicherprogrammierbare Steuerungen SIMATIC S7-300/400 /$cvon Hans Berger ; [Herausgeber, Siemens Aktiengesellschaft].
=250  \\$a6. überarbeitete und erw. Aufl.
=260  \\$aErlangen ;$a[Great Britain] :$bPublicis,$cc2009.
=300  \\$a568 p. :$bill. ;$c25 cm. +$e1 CD-ROM.
=336  \\$atext$2rdacontent
=337  \\$aunmediated$2rdamedia
=338  \\$avolume$2rdacarrier
=500  \\$aIncludes index.
=650  \0$aProgrammable controllers.
=650  \0$aProgramming languages (Electronic computers)
=650  \0$aSTEP 7 (Computer program language)
=650  \0$aSIMATIC S7 (Computer system)
=710  2\$aSiemens Aktiengesellschaft.
=852  11$aBritish Library$bHMNTS$k(TB)$h629.895
=852  11$aBritish Library$bSTI$k(B)$h629.895$3Accompanying CD-ROM at (TB) 629.895
=CAT  \\$a12324$b40$c20090609$lBLL01$h1538
=CAT  \\$a12324$b40$c20090609$lBLL01$h1539
=CAT  \\$a12324$b40$c20090609$lBLL01$h1542
=CAT  \\$a11069$b40$c20090716$lBLL01$h1239
=CAT  \\$a11069$b40$c20090716$lBLL01$h1332
=CAT  \\$aWR16_021$c20160624$lBLL01$h1822
=FIN  \\$aY$d20090716
=FMT  \\$a  BK
=LAS  \\$aWR16_021$b00$c20160624$lBLL01$h1822

