=LDR  01886 am a2200481 i 4500
=001  016937145
=003  Uk
=005  20141112145009.0
=008  141110s2014\\\\enka\\\\\b\\\|0|0\0|eng\\
=FMT  \\$a  BK
=015  \\$aGBB4C8609$2bnb
=016  7\$a016937145$2Uk
=020  \\$a1840577347 (spiral)
=040  \\$aUk$beng$cUk$erda
=042  \\$aukblsr
=082  04$a363.610941$223
=100  1\$aDe Rosa, Sue,$eauthor.
=245  10$aBenefits and disadvantages of using 'no-disruption' repair techniques /$cauthor of report, De Rosa, S, Lynn, S.
=264  \1$aLondon :$bUK Water Industry Research Limited,$c2014.
=300  \\$a50 pages :$billustrations (colour) ;$c30 cm. +$e1 CD-ROM + 1 sheet.
=336  \\$atext$2rdacontent
=336  \\$aunspecified$2rdacontent
=337  \\$aunmediated$2rdamedia
=337  \\$acomputer$2rdamedia
=338  \\$avolume$2rdacarrier
=338  \\$acomputer disc$2rdacarrier
=338  \\$asheet$2rdacarrier
=490  0\$aUKWIR report ;$vref no 14/WM/12/33
=500  \\$aTitle from cover.
=500  \\$aCD of appendices and decision suport tool in pocket attached to inside front cover. Inserted sheet containing review list.
=504  \\$aIncludes bibliographical references.
=650  \0$aSewerage$zGreat Britain$xMaintenance and repair.
=650  \0$aWater-supply$zGreat Britain$xMaintenance and repair.
=650  \0$aWater Pipes$zGreat Britain$xMaintenance and repair.
=700  1\$aLynn, S.,$eauthor.
=710  2\$aUnited Kingdom Water Industry Research,$epublisher.
=852  11$aBritish Library$bSTI$k(TB)363.610941
=852  11$aBritish Library$bSTI$k(B)$h363.610941$3Accompanying CD-ROM held at: (TB) 363.610941
=CAT  \\$a11168$b40$c20141110$lBLL01$h0755
=CAT  \\$a7000$b40$c20141112$lBLL01$h1450
=CAT  \\$aWR16_021$c20160716$lBLL01$h1805
=FIN  \\$aY$d20141112
=LAS  \\$aWR16_021$b00$c20160716$lBLL01$h1805

