=LDR  01712pam a2200469 i 4500
=001  016954146
=003  Uk
=005  20160203083159.0
=008  140911s2015\\\\moua\\\\\\\\\\001|0|eng|d
=FMT  \\$a  BK
=015  \\$aGBB4D2973$2bnb
=016  7\$a016954146$2Uk
=020  \\$a9780323279413 (pbk.) :$c£43.99
=040  \\$aStDuBDS$beng$cStDuBDS$dUk$erda
=042  \\$aukblcatcopy
=082  04$a610.736$223
=100  1\$aKostelnick, Clare,$eauthor.
=245  10$aMosby's textbook for long-term care nursing assistants.
=246  30$aTextbook for long-term care nursing assistants
=250  \\$a7th edition /$bClare Kostelnick.
=264  \1$aSt. Louis :$bMosby,$c2015.
=300  \\$axxv, 710 pages :$billustrations ;$c28 cm +$e1 CD-ROM
=336  \\$atext$2rdacontent
=336  \\$astill image$2rdacontent
=337  \\$aunmediated$2rdamedia
=337  \\$acomputer$2rdamedia
=338  \\$avolume$2rdacarrier
=338  \\$acomputer disc$2rdacarrier
=500  \\$aPrevious edition: published as by Sheila A. Sorrentino. 2010.
=500  \\$aIncludes index.
=500  \\$aFormerly CIP.$5Uk
=650  \0$aNurses' aides$vTextbooks.
=650  \0$aLong-term care of the sick$vTextbooks.
=700  1\$aSorrentino, Sheila A.$tMosby's textbook for long-term care nursing assistants.$s6th edition.
=852  11$aBritish Library$bSTI$k(B)$h610.736$3Accompanying CD-ROM (TB) 610.736
=852  11$aBritish Library$bHMNTS$k(TB)$h610.736
=CAT  \\$aBATCH-CIPN$b00$c20141125$lBLL01$h1700
=CAT  \\$aCOUTTS-2$b00$c20160126$lBLL01$h1753
=CAT  \\$a11002$b40$c20160203$lBLL01$h0831
=CAT  \\$aWR16_021$c20160716$lBLL01$h1806
=FIN  \\$aY$d20160203
=LAS  \\$aWR16_021$b00$c20160716$lBLL01$h1806

