=LDR  01693cas a2200457 i 4500
=001  017029886
=003  Uk
=005  20160120115844.0
=007  ta
=008  150128c20159999enker\p\\\\\\\0\\\a0eng\\
=FMT  \\$a  SE
=015  \\$aGBB611661$2bnb
=022  0\$a2058-329X$202
=040  \\$aUk$beng$cUk$erda
=042  \\$aissnuk$aukblsr
=082  04$a338.47658470941$223
=130  0\$aPaper (Orpington, London, England)
=222  \4$aThe paper$b(Orpington)
=245  14$aThe paper :$bbusiness news for security professionals.
=264  \1$a[Orpington] :$bPro-Activ Publications Ltd,$c[2015]-
=300  \\$billustrations (black and white, and colour) ;$c44 cm
=310  \\$aFortnightly
=336  \\$atext$2rdacontent
=337  \\$aunmediated$2rdamedia
=338  \\$avolume$2rdacarrier
=362  1\$aBegan in 2015.
=588  \\$aDescription based on: 28 September 2015 issue.
=650  \0$aSecurity systems industry$zGreat Britain$vPeriodicals.
=650  \0$aSecurity systems$zGreat Britain$vPeriodicals.
=650  \0$aSecurity systems$zGreat Britain$xManagement$vPeriodicals.
=650  \0$aPrivate security services$zGreat Britain$vPeriodicals.
=690  7\$aManagement and Business Studies$2blcoll
=852  11$aBritish Library$bSTI$cBIPC$k(P)$h338.47658470941$m-E(1) Business$328 Sep. (2015)-(May 2019)***Last 4 years
=852  41$aBritish Library$bSTI$cBIPC
=CAT  \\$a11313$b40$c20150128$lBLL01$h1123
=CAT  \\$a11315$b40$c20151202$lBLL01$h1104
=CAT  \\$a11205$b40$c20160120$lBLL01$h1150
=CAT  \\$a11205$b40$c20160120$lBLL01$h1158
=CAT  \\$aBATCH-MBS$c20160311$lBLL01$h2111
=FIN  \\$aY$d20151202
=LAS  \\$aBATCH-MBS$b00$c20160311$lBLL01$h2111

