=LDR  03572 am a2200721 a 4500
=001  013612498
=003  Uk
=005  20100414172518.0
=008  061128m20039999le\\\\\\\b\\\\001\0\arm\\
=010  \\$a2003546434
=040  \\$aUk$beng$cUk
=082  04$a891.99208
=245  00$6880-01$aMatenagirkʿ Hayotsʿ /$c[khmb. tn. Dokt. Zawen Ekawean].
=246  3\$aMadenakirkʿ Hayotsʿ
=246  15$aArmenian classical authors
=260  \\$6880-02$aAntʿilias :$bMetsi Tann Kilikioy Katʿoghikosutʿiwn,$c2003-
=300  \\$av. ;$c29 cm.
=336  \\$atext$2rdacontent
=337  \\$aunmediated$2rdamedia
=338  \\$avolume$2rdacarrier
=490  0\$6880-03$aGireru giwti 1600-ameaki matenashar
=490  0\$6880-04$aHaykakan matenashar Galust Kiwlpēnkean Himnarkutʿean
=490  0\$6880-05$aHay dasakan matenagitutʿean tʿuayin gradaran
=504  \\$aIncludes bibliographical references and index.
=505  0\$av. 1. 5th century -- v. 2. 5th century -- v. 3. 6th century -- v. 4. 7th century -- v. 5. 7th century -- v. 6. 8th century -- v. 7. 8th century -- v. 8. Sharakan (Hymnarium) -- v. 9. 9th century - v. 10. 10th century - v. 12. 10th century - v. 13. Sacred chants, book 1 - v. 14. Sacred chants, book 2.
=610  20$6880-07$aArmenian Church.$xHistory$vSources.
=610  20$6880-08$aArmenian Church.$xDoctrines.
=650  \0$aArmenian language, Classical$vTexts.
=650  \0$aArmenian literature$xSources.
=650  \0$aAuthors, Armenian$vSources.
=651  \0$aArmenia$xHistory$vSources.
=700  1\$6880-09$aEkawean, Zawēn.
=852  11$aBritish Library$bOC$cSPHOA$kOID$h891.992
=852  41$aBritish Library$bOC$xStaff reference: Dr Nersessian
=880  00$6245-01$aՄատենագիրք Հայոց /$c[խմբ. տն. Տոկտ. Զաւէն Եկաւեան].
=880  \\$6260-02$aԱնթիլիաս :$bՄեծի Տանն Կիլիկիոյ Կաթողիկոսութիւն,$c2003-2005.
=880  \0$6440-03$aԳիրերու Գիւտի 1600-ամեակի Մատենաշար
=880  \0$6440-04$aՀայկական Մատենաշար Գալուստ Կիւլպէնկեան Հիմնարկութեան
=880  \0$6440-05$aՀայ Դասական Մատենագիտութեան Թուային Գրադարան
=880  0\$6505-06$a1. հատոր. 5. դար --. 2. հատոր 5. դար --. 3. հատոր. 6. դար --. 4. հատոր. 7. դար --. 5 հատոր. 7. դար.
=880  20$6610-07$aՀայաստանեայց Ս. Եկեղեցի$xՊատմութիւն$vԱղբիւրք.
=880  20$6610-08$aՀայաստանեայց Ս. Եկեղեցի$xՈւսումք.
=880  1\$6700-09$aԵկաւեան, Զաւէն.
=CAT  \\$a6191$b40$c20061128$lBLL01$h1622
=CAT  \\$a3017$b40$c20070123$lBLL01$h1516
=CAT  \\$a3017$b40$c20070123$lBLL01$h1528
=CAT  \\$a11250$b40$c20070124$lBLL01$h0859
=CAT  \\$aBATCH-UPD$b40$c20070131$lBLL01$h2032
=CAT  \\$a3017$b40$c20070416$lBLL01$h1701
=CAT  \\$a1722$b40$c20080619$lBLL01$h1029
=CAT  \\$a11250$b40$c20080805$lBLL01$h1332
=CAT  \\$a11250$b40$c20080805$lBLL01$h1427
=CAT  \\$a1722$b40$c20080904$lBLL01$h1552
=CAT  \\$a4039$b40$c20090804$lBLL01$h1640
=CAT  \\$a4039$b40$c20100414$lBLL01$h1725
=CAT  \\$aBATCH-UPD$b40$c20130406$lBLL01$h1805
=CAT  \\$aWR13.161$c20131020$lBLL01$h1617
=CAT  \\$aWR13.160$c20131021$lBLL01$h1749
=CAT  \\$aBATCH-UPD$b00$c20160608$lBLL01$h1917
=CAT  \\$aBATCH-UPD$b00$c20200620$lBLL01$h0746
=FIN  \\$aY$d20070123
=FMT  \\$a  BK
=LAS  \\$aBATCH-UPD$b00$c20200620$lBLL01$h0746

