=LDR  01733 am a2200457 a 4500
=001  013803486
=003  Uk
=005  20070809084621.0
=008  070727s2007\\\\enkab\\\\b\\\\001\0\eng\\
=015  \\$aGBA762856$2bnb
=016  7\$a013803486$2Uk
=020  \\$cNo price (pbk.)
=040  \\$aUk$beng$cUk
=042  \\$aukblsr
=082  04$a629.471$222
=245  00$aSatellite dynamics, meeting the challenges of positioning on giga-to-nanometer scales /$cedited by Pascal Willis.
=260  \\$aOxford :$bPublished for the Committee on Space Research [by] Elsevier,$c2007.
=300  \\$a2 v. :$bill. (some col.), maps ;$c28 cm.
=336  \\$atext$2rdacontent
=337  \\$aunmediated$2rdamedia
=338  \\$avolume$2rdacarrier
=490  1\$aAdvances in space research,$x0273-1177 ;$vv. 39, no. 10-v. 40, no. 1
=504  \\$aIncludes bibliographical references and index.
=650  \0$aArtificial satellites$xDynamics.
=650  \0$aGlobal Positioning System.
=700  1\$aWillis, Pascal.
=830  \0$aAdvances in space research,$x0273-1177 ;$vv. 39, no. 10-v. 40, no. 1
=852  41$aBritish Library$bDSC$ivol. 40, no. 1
=852  71$aBritish Library$bSTI$k(P)$hOU 30$m-E(59)$iv. 39, no. 10$2blsrissc
=CAT  \\$a8411$b40$c20070727$lBLL01$h1602
=CAT  \\$a5751$b40$c20070807$lBLL01$h1148
=CAT  \\$a5751$b40$c20070808$lBLL01$h1018
=CAT  \\$a11250$b40$c20070808$lBLL01$h1135
=CAT  \\$a11250$b40$c20070808$lBLL01$h1209
=CAT  \\$a11306$b40$c20070809$lBLL01$h0846
=CAT  \\$aBATCH$b00$c20091217$lBLL01$h0501
=CAT  \\$aBATCH$b00$c20100103$lBLL01$h1254
=CAT  \\$aWR16_021$c20160617$lBLL01$h1831
=FIN  \\$aY$d20070808
=FMT  \\$a  BK
=LAS  \\$aWR16_021$b00$c20160617$lBLL01$h1831

