=LDR  01605pam a2200469 a 4500
=001  015408206
=003  Uk
=005  20130315085239.0
=008  091022r20102008enk\\\\\\b\\\\000\0\eng|d
=015  \\$aGBA9A5761$2bnb
=016  7\$a015408206$2Uk
=020  \\$a9780199532971 (pbk.) :$c£15.99
=020  \\$a0199532974 (pbk.) :$c£15.99
=040  \\$aStDuBDS$beng$cStDuBDS$dUk
=042  \\$aukblcatcopy
=082  04$a929.10941$222
=245  00$aOxford companion to family and local history /$cedited by David Hey.
=246  30$aCompanion to family and local history
=250  \\$a2nd ed.
=260  \\$aOxford :$bOxford University Press,$c2010.
=300  \\$axxxix, 661 p. ;$c24 cm.
=336  \\$atext$2rdacontent
=337  \\$aunmediated$2rdamedia
=338  \\$avolume$2rdacarrier
=500  \\$aThis ed. originally published: 2008.
=500  \\$aFormerly CIP.$5Uk
=504  \\$aIncludes bibliographical references.
=650  \0$aGenealogy.
=651  \0$aGreat Britain$xHistory, Local.
=700  1\$aHey, David.
=852  41$aBritish Library$bSTI$k(B)$h929.10941$mEnquiry Desk Science 2
=852  11$aBritish Library$bSTI$k(B)$h929.10941$mEnquiry Desk Science 3
=852  41$aBritish Library$bHMNTS$cSPHOA
=CAT  \\$aBATCH-CIPN$b00$c20091103$lBLL01$h1700
=CAT  \\$aBATCH$b00$c20091103$lBLL01$h1701
=CAT  \\$aBATCH$b00$c20091103$lBLL01$h1704
=CAT  \\$a6923$b40$c20100415$lBLL01$h1057
=CAT  \\$a11131$b40$c20130315$lBLL01$h0852
=CAT  \\$aWR16_021$c20160625$lBLL01$h1815
=FIN  \\$aY$d20130315
=FMT  \\$a  BK
=LAS  \\$aWR16_021$b00$c20160625$lBLL01$h1815

