=LDR  02971aam a2200685 i 4500
=001  015427306
=003  Uk
=005  20180125113223.0
=008  100218m20109999fluab\\\\b\\\|0|1\0|eng\\
=010  \\$a2010003795  
=015  \\$aGBA9B3816$2bnb
=016  7\$a015427306$2Uk
=020  \\$a9781439813423 (v. 1) :$c£73.99
=020  \\$a1439813426 (v. 1) :$c£73.99
=020  \\$a9781439813430 (v. 2) :$c£89.00
=020  \\$a1439813434 (v. 2) :$c£89.00
=020  \\$a9781439813461 (v. 3) :$c£89.00
=020  \\$a1439813469 (v. 3) :$c£89.00
=020  \\$a9781439813508 (v. 4) :$c£114.00
=020  \\$a1439813507 (v. 4) :$c£114.00
=040  \\$aStDuBDS$beng$cStDuBDS$dUk$erda
=042  \\$aukblsr
=050  00$aRB156$b.R43 2010
=082  04$a616.044$223
=100  1\$aRea, William J.$c(Physician),$eauthor.
=245  10$aReversibility of chronic degenerative disease and hypersensitivity /$cWilliam J. Rea, M.D, Environmental Health Center, Dallas, Texas, USA, Kalpana D. Patel, M.D., Allergy and Environmental Health Center, WNY, Buffalo, New York.
=246  1\$iVolumes 2,3,4 have title:$aReversibility of chronic disease and hypersensitivity
=264  \1$aBoca Raton, Fla. :$bCRC Press, Taylor & Francis Group,$c[2010]-
=300  \\$a5 volumes :$billustrations (black and white), maps (colour) ;$c27 cm
=336  \\$atext$2rdacontent
=337  \\$aunmediated$2rdamedia
=338  \\$avolume$2rdacarrier
=500  \\$aFormerly CIP.$5Uk
=504  \\$aIncludes bibliographical references and index.
=505  0\$av. 1. Regulating mechanisms of chemical sensitivity -- v. 2. The effects of environmental pollutants on the organ system -- v. 3. Clinical environmental manifestations of the neurocardiovascular systems -- v. 4. The Environmental Aspects of Chemical Sensitivity.
=650  \0$aChronic diseases.
=650  \0$aMultiple chemical sensitivity.
=650  12$aChronic Disease$xprevention & control.
=650  12$aHypersensitivity$xprevention & control.
=650  22$aEnvironmental Pollution$xadverse effects.
=650  22$aHomeostasis$xphysiology.
=700  1\$aPatel, Kalpana,$eeditor.
=852  11$aBritish Library$bHMNTS$k(B)$h616.044
=852  11$aBritish Library$bSTI$k(B)$h616.044
=CAT  \\$aBATCH-CIPN$b00$c20091124$lBLL01$h1700
=CAT  \\$aBATCH$b00$c20091124$lBLL01$h1701
=CAT  \\$aBATCH$b00$c20091124$lBLL01$h1705
=CAT  \\$a12324$b40$c20100709$lBLL01$h1220
=CAT  \\$a12324$b40$c20100730$lBLL01$h0910
=CAT  \\$aBATCH-UPD$b40$c20101206$lBLL01$h2102
=CAT  \\$aBATCH-BUOC$b00$c20110310$lBLL01$h2223
=CAT  \\$a11250$b40$c20140917$lBLL01$h1530
=CAT  \\$a11250$b40$c20140918$lBLL01$h0933
=CAT  \\$a11250$b40$c20140919$lBLL01$h1048
=CAT  \\$aWR16_021$c20160625$lBLL01$h1820
=CAT  \\$aBATCH-UPD$b00$c20160625$lBLL01$h2059
=CAT  \\$a11070$b40$c20180125$lBLL01$h1132
=FIN  \\$aY$d20100730
=FMT  \\$a  BK
=LAS  \\$a11070$b40$c20180125$lBLL01$h1132

