=LDR  01544 as a2200433 a 4500
=001  015457340
=003  Uk
=005  20100104122900.0
=007  ta
=008  100104c20099999enkar\\\\r\\\\0\\\a0eng\\
=015  \\$aGBB002869$2bnb
=040  \\$aUk$beng$cUk
=042  \\$aukblsr
=082  04$a628.02941$222
=245  00$aPENTEC :$bprocess engineering and environmental protection.
=246  13$aESI PENTEC
=246  18$aESI.INFO PENTEC
=260  \\$a[Stirling :$bEndat Standard Indexes],$c2009-
=300  \\$av. :$bcol. ill. ;$c21 x 23 cm.
=310  \\$aAnnual
=336  \\$atext$2rdacontent
=337  \\$aunmediated$2rdamedia
=338  \\$avolume$2rdacarrier
=362  0\$a14th ed. (2009)-
=500  \\$a"Connecting producers and buyers".
=530  \\$aAlso issued on the Internet.
=650  \0$aEnvironmental management$zGreat Britain$xEquipment and supplies$vDirectories.
=650  \0$aProcess control equipment industry$zGreat Britain$xEquipment and supplies$vDirectories.
=780  00$tESI process engineering
=852  41$aBritish Library$bHMNTS$kZK.9.d.3709$3Earlier issues
=852  11$aBritish Library$bSTI$cBIPC$k(B) DIR$h628.02941$mBusiness$314th Edition (2009)-***Current issue
=CAT  \\$a5997$b40$c20100104$lBLL01$h1225
=CAT  \\$a5997$b40$c20100104$lBLL01$h1229
=CAT  \\$aWR14_140$c20140905$lBLL01$h1823
=FIN  \\$aY$d20100104
=FMT  \\$a  SE
=LAS  \\$aWR14_140$b00$c20140905$lBLL01$h1823
=LKR  \\$aPAR$b013626016$lBLL01$r78000$mPENTEC.$nESI process engineering.
=TCO  \\$aCLA$bCLA$c008

