=LDR  01734 am a2200493 a 4500
=001  015475012
=003  Uk
=005  20100209155844.0
=008  100127m20109999ne\a\\\\\b\\\\101\0\eng\\
=010  \\$a2009941460
=015  \\$aGBB013070$2bnb
=016  7\$a015475012$2Uk
=020  \\$a9789048132621 (v. 1 : cased)
=020  \\$a9789048132638 (v. 1 : e-bk.)
=040  \\$aUk$beng$cUk
=042  \\$aukblsr
=082  04$a501$222
=110  2\$aEuropean Philosophy of Science Association.$bConference.
=245  10$aEPSA epistemology and methodology of science /$cSuárez, Mauricio, Dorato, Mauro, Rédei, Miklós, eds.
=260  \\$aDordrecht :$bSpringer,$cc2010.
=300  \\$ax, 341 p. :$bill. ;$c24 cm.
=336  \\$atext$2rdacontent
=337  \\$aunmediated$2rdamedia
=338  \\$avolume$2rdacarrier
=500  \\$aLaunch of the European Philosophy of Science Association - on t.p.
=504  \\$aIncludes bibliographical references and index.
=650  \0$aScience$xPhilosophy$vCongresses.
=650  \0$aScience$xMethodology$vCongresses.
=700  1\$aSuárez, Mauricio.
=700  1\$aDorato, Mauro,$d1960-
=700  1\$aRédei, Miklós.
=852  11$aBritish Library$bSTI$k(B)$h501
=852  41$aBritish Library$bHMNTS$ivol. 1
=CAT  \\$a11266$b40$c20100127$lBLL01$h1154
=CAT  \\$a11266$b40$c20100127$lBLL01$h1157
=CAT  \\$a11070$b40$c20100203$lBLL01$h1055
=CAT  \\$a11244$b40$c20100204$lBLL01$h1136
=CAT  \\$a11070$b40$c20100209$lBLL01$h1556
=CAT  \\$a11070$b40$c20100209$lBLL01$h1558
=CAT  \\$aBATCH-UPD$b40$c20110120$lBLL01$h2137
=CAT  \\$aWR16_021$c20160626$lBLL01$h1803
=FIN  \\$aY$d20100203
=FMT  \\$a  BK
=LAS  \\$aWR16_021$b00$c20160626$lBLL01$h1803

