=LDR  01223 am a2200385 a 4500
=001  015555724
=003  Uk
=005  20100621144645.0
=008  100518s2009\\\\it\abf\\\d\\\\000\0\ita\\
=020  \\$a9788848003247
=040  \\$aUk$beng$cUk
=041  0\$aita$aeng
=042  \\$aukblsr
=082  04$a423.51$222
=245  00$aGarzanti Hazon :$binglese-italiano, italiano-inglese.
=246  14$aInglese
=250  \\$a[New ed. 2010].
=260  \\$a[Milano] :$bGarzanti linguistica,$cc2009.
=300  \\$axx, 2818 p., 94 p. of plates :$bcol. ill., col. maps ;$c26 cm.
=336  \\$atext$2rdacontent
=337  \\$aunmediated$2rdamedia
=338  \\$avolume$2rdacarrier
=490  1\$aI grandi dizionari,$x1724-3491
=500  \\$aIn case.
=546  \\$aIn Italian and English.
=650  \0$aEnglish language$vDictionaries$xItalian.
=650  \0$aItalian language$vDictionaries$xEnglish.
=830  \0$aGrandi dizionari Garzanti.
=852  41$aBritish Library$bHMNTS$cSPHOA$kHUD$mITA
=852  11$aBritish Library$bHMNTS$cSPHOA$kHLR$h453
=CAT  \\$a11375$b40$c20100518$lBLL01$h1052
=CAT  \\$a11250$b40$c20100621$lBLL01$h1446
=FIN  \\$aY$d20100621
=FMT  \\$a  BK
=LAS  \\$a11250$b40$c20100621$lBLL01$h1446

