=LDR  01530aam a2200469 a 4500
=001  015634293
=003  Uk
=005  20120321092017.0
=008  100628s2011\\\\nyu\\\\\\f\\\\000\0\eng\\
=010  \\$a2010027475  
=015  \\$aGBB0A0967$2bnb
=016  7\$a015634293$2Uk
=020  \\$a9780230252295 (hbk.) :$c£150.00
=020  \\$a023025229X (hbk.) :$c£150.00
=040  \\$aStDuBDS$beng$cStDuBDS$dUk
=042  \\$aukblsr
=043  \\$ae-uk---
=050  00$aJN238$b.B88 2011
=082  00$a320.441$222
=100  1\$aButler, David,$d1924-
=245  10$aBritish political facts /$cDavid Butler and Gareth Butler.
=250  \\$a10th ed.
=260  \\$aBasingstoke :$bPalgrave Macmillan,$c2011.
=300  \\$axvii, 625 p. ;$c24 cm.
=336  \\$atext$2rdacontent
=337  \\$aunmediated$2rdamedia
=338  \\$avolume$2rdacarrier
=500  \\$aFormerly CIP.$5Uk
=651  \0$aGreat Britain$xPolitics and government$vHandbooks, manuals, etc.
=700  1\$aButler, Gareth.
=852  11$aBritish Library$bHMNTS$cSPHOA$kOPL$h320.942082
=852  11$aBritish Library$bHMNTS$cSPHOA$kNRR320.441
=852  11$aBritish Library$bHMNTS$cSPHOA$kHLR$h320.941
=BUF  \\$aN$d20110525
=CAT  \\$aBATCH-CIPN$b00$c20100824$lBLL01$h1700
=CAT  \\$a10904$b40$c20110525$lBLL01$h0928
=CAT  \\$aBATCH-BUOC$b00$c20111021$lBLL01$h0000
=CAT  \\$a6923$b40$c20120321$lBLL01$h0920
=CAT  \\$aWR16_021$c20160629$lBLL01$h1806
=FIN  \\$aY$d20110525
=FMT  \\$a  BK
=LAS  \\$aWR16_021$b00$c20160629$lBLL01$h1806

