=LDR  01443cas a2200409 a 4500
=001  015881329
=003  Uk
=005  20221003135648.0
=007  ta
=008  110901d200u2011enkar\p\\\s\\\0\\\a0eng\\
=FMT  \\$a  SE
=015  \\$aGBB1A3932$2bnb
=040  \\$aUk$beng$cUk
=042  \\$aukblsr
=082  04$a338.47647940941$223
=245  00$aUK hotel sector ... review :$binsight, commentary and the Knight Frank Hotel Operator Sentiment Survey.
=260  \\$a[London] :$bKnight Frank
=300  \\$av. :$bcol. ill. ;$c30 cm.
=310  \\$aAnnual
=336  \\$atext$2rdacontent
=337  \\$aunmediated$2rdamedia
=338  \\$avolume$2rdacarrier
=588  \\$aDescription based on: 2011 issue.
=650  \0$aHotels$zGreat Britain$xStatistics$vPeriodicals.
=650  \0$aMarket surveys$zGreat Britain$vPeriodicals.
=690  7\$aManagement and Business Studies$2blcoll
=710  2\$aKnight Frank (Firm).$bResearch.
=780  00$tUK hotel review
=852  71$aBritish Library$bSTI$cRES$k(P)$hAL 935$m-E(38)$3Earlier issues
=852  11$aBritish Library$bSTI$cBIPC$k(P)$k338.47647940941$m-E(1) Business$32011
=CAT  \\$a5997$b40$c20110901$lBLL01$h0819
=CAT  \\$aBATCH-MBS$c20111014$lBLL01$h2108
=CAT  \\$a6490$b40$c20221003$lBLL01$h1356
=FIN  \\$aY$d20110901
=LKR  \\$aPAR$b007195974$lBLL01$nUK hotel review$mUk hotel sector review$r78000
=TCO  \\$aCLA$bCLA$c008
=LAS  \\$a6490$b40$c20221003$lBLL01$h1356

