=LDR  01637pam a2200469 a 4500
=001  015998345
=003  Uk
=005  20120328165716.0
=008  111205s2012\\\\enka\\\\\b\\\\001\0\eng|d
=015  \\$aGBB1E6213$2bnb
=016  7\$a015998345$2Uk
=020  \\$a9781405188241 (set) :$c£495.00
=020  \\$a1405188243 (set) :$c£495.00
=040  \\$aStDuBDS$beng$cStDuBDS$dUk
=042  \\$aukblsr
=082  04$a303.48203$223
=245  04$aThe Wiley-Blackwell encyclopedia of globalization /$cedited by George Ritzer.
=260  \\$aOxford :$bWiley-Blackwell,$c2012.
=300  \\$a5 v. :$bill. ;$c26 cm.
=336  \\$atext$2rdacontent
=337  \\$aunmediated$2rdamedia
=338  \\$avolume$2rdacarrier
=490  0\$aBlackwell encyclopedias in social sciences
=500  \\$aFormerly CIP.$5Uk
=504  \\$aIncludes bibliographical references and index.
=505  0\$av. 1. A-De -- v. 2. De-H -- v. 3. I-No -- v. 4. No-T -- v. 5. U-Z.
=650  \0$aGlobalization$vEncyclopedias.
=690  7\$aSocial Welfare$2blcoll
=700  1\$aRitzer, George.
=852  11$aBritish Library$bHMNTS$cSPHOA$kOPL$h303.48203
=852  41$aBritish Library$bHMNTS$ivol. 2
=852  41$aBritish Library$bHMNTS$ivol. 5
=852  41$aBritish Library$bHMNTS$ivol. 3
=852  11$aBritish Library$bHMNTS$ivol. 4
=CAT  \\$aBATCH-CIPN$b00$c20111227$lBLL01$h1700
=CAT  \\$a6923$b40$c20120327$lBLL01$h1213
=CAT  \\$a11070$b40$c20120328$lBLL01$h1657
=CAT  \\$aBATCH-SWP$c20120929$lBLL01$h0159
=CAT  \\$aWR16_021$c20160703$lBLL01$h1804
=FIN  \\$aY$d20120328
=FMT  \\$a  BK
=LAS  \\$aWR16_021$b00$c20160703$lBLL01$h1804

