=LDR  02078pam a2200517 i 4500
=001  016192242
=003  Uk
=005  20130503152347.0
=008  121010s2013\\\\ii\a\\\\\b\\\|001\0|eng|d
=FMT  \\$a  BK
=015  \\$aGBB2A5903$2bnb
=016  7\$a016192242$2Uk
=020  \\$a9789350901724 (set) :$c£140.00
=040  \\$aStDuBDS$beng$cStDuBDS$dUk$erda
=042  \\$aukblsr
=082  04$a617.719$223
=245  00$aCopeland and Afshari's principles and practice of cornea /$ceditors, Robert A. Copeland Jr, MD, Natalie A. Afshari, MD FACS ; foreword, Claes H. Dohlman, MD PhD.
=246  30$aPrinciples and practice of cornea
=250  \\$aFirst edition.
=264  \1$aNew Delhi, India :$bJaypee-Highlights Medical Publishers, Inc.,$c2013.
=300  \\$a2 volumes (lv, 1501, I-xxiv pages) :$billustrations (black and white, and colour) ;$c28 cm +$e3 DVD-ROMs
=336  \\$atext$2rdacontent
=336  \\$aunspecified$2rdacontent
=337  \\$aunmediated$2rdamedia
=337  \\$acomputer$2rdamedia
=338  \\$avolume$2rdacarrier
=338  \\$acomputer disc$2rdacarrier
=500  \\$aDVD-ROMs in pockets attached to inside covers of volume 2.
=504  \\$aIncludes bibliographical references and index.
=500  \\$aFormerly CIP.$5Uk
=650  \0$aCornea$xDiseases$xDiagnosis.
=650  \0$aCornea$xDiseases$xTreatment.
=650  \0$aCornea$xSurgery.
=700  1\$aCopeland, Robert A.,$cJr.,$d1955-2016,$eeditor of compilation.
=700  1\$aAfshari, Natalie A.,$eeditor of compilation.
=852  11$aBritish Library$bSTI$k(B)$h617.719$33 Accomapnying DVD-ROMS held at (TB)617.719
=852  11$aBritish Library$bSTI$k(TB)617.719
=CAT  \\$aBATCH-CIPN$b00$c20121016$lBLL01$h1701
=CAT  \\$a11012$b40$c20130502$lBLL01$h1057
=CAT  \\$a11250$b40$c20130503$lBLL01$h1435
=CAT  \\$a11250$b40$c20130503$lBLL01$h1523
=CAT  \\$aBATCH-UPD$b40$c20130503$lBLL01$h1529
=CAT  \\$aBATCH-UPD$b40$c20160515$lBLL01$h2043
=CAT  \\$aWR16_021$c20160707$lBLL01$h1803
=FIN  \\$aY$d20130503
=LAS  \\$aWR16_021$b00$c20160707$lBLL01$h1803

