=LDR  01807pam a2200493 i 4500
=001  016225877
=003  Uk
=005  20131009105727.0
=008  121127s2013\\\\nyua\\\\\b\\\|001\0|eng\d
=FMT  \\$a  BK
=015  \\$aGBB2C3149$2bnb
=016  7\$a016225877$2Uk
=020  \\$a9781624171819 (hardback) :$c£162.50
=040  \\$aStDuBDS$beng$cStDuBDS$dUk$erda
=042  \\$aukblsr
=082  04$a614.561$223
=245  00$aAnthrax detection :$banalyses and select studies of sampling methods (with accompanying DVD) /$cCorin M. Arnaud, editor.
=264  \1$aNew York :$bNova Publishers,$c[2013]
=300  \\$a101 pages :$billustrations (black and white) ;$c23 cm +$e1 DVD-ROM.
=336  \\$atext$2rdacontent
=336  \\$astill image$2rdacontent
=337  \\$aunmediated$2rdamedia
=337  \\$acomputer$2rdamedia
=338  \\$avolume$2rdacarrier
=338  \\$acomputer disc$2rdacarrier
=490  0\$aAllergies and infectious diseases
=530  \\$aAlso issued online.
=504  \\$aIncludes bibliographical references and index.
=500  \\$aFormerly CIP.$5Uk
=650  \0$aAnthrax$xSampling.
=650  \0$aBacillus anthracis$xIdentification.
=650  \0$aPathogenic microorganisms$xDetection.
=700  1\$aArnaud, Corin M.,$eeditor.
=852  11$aBritish Library$bSTI$k(TB)$h614.561
=852  11$aBritish Library$bSTI$k(B)$k614.561$3Accompanying DVD held at (TB) 614.561
=CAT  \\$aBATCH-CIPN$b00$c20121204$lBLL01$h1700
=CAT  \\$a9592$b40$c20131003$lBLL01$h1309
=CAT  \\$a9592$b40$c20131003$lBLL01$h1310
=CAT  \\$a10775$b40$c20131007$lBLL01$h1353
=CAT  \\$a10775$b40$c20131007$lBLL01$h1604
=CAT  \\$a6933$b40$c20131009$lBLL01$h1057
=CAT  \\$aWR16_021$c20160707$lBLL01$h1809
=FIN  \\$aY$d20131007
=LAS  \\$aWR16_021$b00$c20160707$lBLL01$h1809

