=LDR  01856 am a2200493 i 4500
=001  016228099
=003  Uk
=005  20121213082511.0
=008  121210s2012\\\\enka\\\\\b\\\\000\0\eng\\
=FMT  \\$a  BK
=015  \\$aGBB2C6155$2bnb
=016  7\$a016228099$2Uk
=020  \\$a1840576545 (spiral bound)
=040  \\$aUk$beng$cUk$erda
=082  04$a363.610942$223
=100  1\$aFernandes, Pedro,$eauthor.
=245  12$aA total expenditure approach to cost assessment /$cPedro Fernandes, Nicholas Francis, Richard May.
=264  \1$aLondon :$bUK Water Industry Research Limited,$c2012.
=300  \\$a117 pages :$billustrations (colour) ;$c30 cm. +$e1 CD-ROM.
=336  \\$atext$2rdacontent
=336  \\$aunspecified$2rdacontent
=337  \\$aunmediated$2rdamedia
=337  \\$acomputer$2rdamedia
=338  \\$avolume$2rdacarrier
=338  \\$acomputer disc$2rdacarrier
=490  0\$aUKWIR report ;$vref no. 12/RG/07/25
=500  \\$aTitle from cover.
=500  \\$aCD-ROM in pocket attached to inside front cover.
=650  \0$aWater utilities$xEconomic aspects$zEngland
=650  \0$aWater utilities$xEconomic aspects$zWales.
=650  \0$aWater utilities$xRates$zEngland
=650  \0$aWater utilities$xRates$zWales.
=700  1\$aFrancis, Nicholas,$eauthor.
=700  1\$aMay, Richard$c(Consultant),$eauthor.
=710  2\$aUnited Kingdom Water Industry Research.
=710  1\$aGreat Britain.$bOffice of Water Services.
=852  11$aBritish Library$bSTI$k(B)$h363.610942$3Accompanying CD-Rom held at (TB) 363.610942
=852  11$aBritish Library$bSTI$k(TB) 363.610942
=CAT  \\$a6524$b40$c20121210$lBLL01$h1112
=CAT  \\$a9671$b40$c20121212$lBLL01$h1121
=CAT  \\$a8964$b40$c20121213$lBLL01$h0825
=CAT  \\$aWR16_021$c20160707$lBLL01$h1809
=FIN  \\$aY$d20121212
=LAS  \\$aWR16_021$b00$c20160707$lBLL01$h1809

