=LDR  01456 am a2200409 i 4500
=001  016293005
=003  Uk
=005  20130327135241.0
=008  120518s2012\\\\caua\\\\\be\\|0|1\0|eng\\
=FMT  \\$a  BK
=010  \\$a  2012019936
=015  \\$aGBB330411$2bnb
=020  \\$a9780313379369 (set : alk. paper)
=020  \\$a9780313379376 (ebook)
=040  \\$aDLC$beng$cDLC$dDLC$dUk$erda
=042  \\$aukblsr
=050  00$aGV1469.3$b.E65 2012
=082  00$a794.803$223
=245  00$aEncyclopedia of video games :$bthe culture, technology, and art of gaming /$cMark J.P. Wolf, editor.
=264  \1$aSanta Barbara, California :$bGreenwood,$c[2012]
=300  \\$a2 volumes (xxiv, 763 pages) :$billustrations (black and white) ;$c27 cm
=336  \\$atext$2rdacontent
=337  \\$aunmediated$2rdamedia
=338  \\$avolume$2rdacarrier
=504  \\$aIncludes bibliographical references and index.
=505  0\$av. 1. A-L -- v. 2. M-Z.
=650  \0$aVideo games$vEncyclopedias.
=700  1\$aWolf, Mark J. P.,$eeditor of compilation.
=852  11$aBritish Library$bHMNTS$cSPHOA$hHLR$i794.803
=852  11$aBritish Library$bHMNTS$cSPHOA$kHLR$h794.803
=852  11$aBritish Library$bHMNTS$cSPHOA$kOPL$h794.803
=CAT  \\$a6503$b40$c20130304$lBLL01$h1108
=CAT  \\$a11250$b40$c20130327$lBLL01$h1352
=CAT  \\$aBATCH-UPD$b40$c20151220$lBLL01$h2219
=FIN  \\$aY$d20130327
=SRC  \\$aBLL02
=LAS  \\$aBATCH-UPD$b40$c20151220$lBLL01$h2219

