=LDR  01313 am a2200385 a 4500
=001  016608088
=003  Uk
=005  20140404094625.0
=008  110809s2011\\\\waua\\\\\b\\\\001\0\eng\\
=FMT  \\$a  BK
=010  \\$a  2011031442
=020  \\$a9780931092909 (alk. paper)
=040  \\$aDLC$cDLC$dDLC$dUk
=042  \\$aukblcatcopy
=050  00$aRB127$b.F588 2011
=082  00$a616/.0472$223
=100  1\$aFlor, Herta.
=245  10$aChronic pain :$ban integrated biobehavioral approach /$cHerta Flor, Dennis C. Turk.
=260  \\$aSeattle, WA :$bIASP Press,$cc2011.
=300  \\$axviii, 547 p. :$bill.(some col.) ;$c23 cm. +$e1 CD-ROM (4 3/4 in.)
=336  \\$atext$2rdacontent
=337  \\$aunmediated$2rdamedia
=338  \\$avolume$2rdacarrier
=504  \\$aIncludes bibliographical references and index.
=650  \0$aChronic pain$xTreatment.
=650  \0$aChronic pain$xPsychological aspects.
=650  \0$aChronic pain$xPhysiological aspects.
=700  1\$aTurk, Dennis C.
=852  11$aBritish Library$bSTI$k(B)616.0472$3Accompanying CD-ROM held at (TB)616.0472
=852  11$aBritish Library$bSTI$k(TB)$h616.0472
=CAT  \\$a9701$b40$c20140122$lBLL01$h1447
=CAT  \\$a9701$b40$c20140404$lBLL01$h0946
=FIN  \\$aY$d20140404
=SRC  \\$aBLL02
=LAS  \\$a9701$b40$c20140404$lBLL01$h0946

