=LDR  02029pam a2200577 a 4500
=001  014500476
=003  Uk
=005  20080813141157.0
=008  071128s2008\\\\paua\\\\\b\\\\001\0\eng\\
=FMT  \\$a  BK
=010  \\$a  2007048871
=015  \\$aGBA809103$2bnb
=016  7\$a014500476$2Uk
=020  \\$a9781416040484 (set) :$c£181.00
=020  \\$a141604048X (set) :$c£181.00
=035  \\$a(DNLM)101321960
=040  \\$aStDuBDS$beng$cStDuBDS$dUk
=042  \\$aukblsr
=050  10$aRC941$b.I42 2008
=060  10$aWF 975$bI318 2008
=082  00$a617.5407572$222
=245  00$aImaging of the chest /$ceditors Nestor L. Müller, C. Isabela S. Silva ; associate editor, David M. Hansell ; assistant editors, Kyung Soo Lee, Martine Remy-Jardin.
=260  \\$aPhiladelphia :$bSaunders/Elsevier,$cc2008.
=300  \\$a2 v. :$bill. (some col.) ;$c29 cm.
=336  \\$atext$2rdacontent
=337  \\$aunmediated$2rdamedia
=338  \\$avolume$2rdacarrier
=490  1\$aExpert radiology series
=504  \\$aIncludes bibliographical references and index.
=500  \\$aFormerly CIP.$5Uk
=650  \0$aChest$xImaging.
=650  \0$aChest$xDiseases$xDiagnosis.
=650  12$aDiagnostic Imaging$xmethods.
=650  12$aThoracic Diseases$xdiagnosis.
=700  1\$aMüller, Nestor Luiz,$d1948-
=700  1\$aSilva, C. Isabela S.
=830  \0$aExpert radiology series.
=852  11$aBritish Library$bSTI$ivol. 2
=852  11$aBritish Library$bSTI$k(B)$h617.5407572$ivol. 1
=CAT  \\$aBATCH-CIP$b00$c20080122$lBLL01$h1702
=CAT  \\$aBATCH$b00$c20080122$lBLL01$h1704
=CAT  \\$aBATCH$b00$c20080122$lBLL01$h1709
=CAT  \\$a12664$b40$c20080807$lBLL01$h1108
=CAT  \\$a11317$b40$c20080813$lBLL01$h1411
=CAT  \\$aBATCH$b00$c20091217$lBLL01$h0516
=CAT  \\$aBATCH$b00$c20100103$lBLL01$h1308
=CAT  \\$aWR16_021$c20160618$lBLL01$h1827
=CAT  \\$aBATCH-UPD$b00$c20160618$lBLL01$h2148
=FIN  \\$aY$d20080813
=SRC  \\$aBLL02
=LAS  \\$aBATCH-UPD$b00$c20160618$lBLL01$h2148

