=LDR  01470 am a2200409 a 4500
=001  014570795
=003  Uk
=005  20080327180911.0
=008  080326s2008\\\\gw\a\\\\\b\\\\001\0\ger\\
=FMT  \\$a  BK
=015  \\$aGBA850307$2bnb
=016  7\$a014570795$2Uk
=020  \\$a9783527317745 (cased) :$cNo price
=040  \\$aUk$beng$cUk
=042  \\$aukblsr
=082  04$a543.8$222
=245  00$aChromatogramme richtig integrieren und bewerten :$bein Praxishandbuch für die HPLC und GC /$cherausgegeben von Stavros Kromidas und Hans-Joachim Kuss.
=260  \\$aWeinheim :$bWiley-VCH,$cc2008.
=300  \\$axviii, 402 p. :$bill. (some col.) ;$c24 cm. +$e1 CD-ROM.
=336  \\$atext$2rdacontent
=337  \\$aunmediated$2rdamedia
=338  \\$avolume$2rdacarrier
=504  \\$aIncludes bibliographical references and index.
=650  \0$aChromatographic analysis.
=650  \0$aHigh performance liquid chromatography.
=650  \0$aGas chromatography.
=700  1\$aKromidas, Stavros.
=700  1\$aKuss, Hans-Joachim.
=852  11$aBritish Library$bSTI$k(B)$h543.8$3Accompanying CD-ROM at (TB)543.8
=852  11$aBritish Library$bSTI$k(TB)543.8
=CAT  \\$a12271$b40$c20080326$lBLL01$h0924
=CAT  \\$a12271$b40$c20080326$lBLL01$h0930
=CAT  \\$a12271$b40$c20080326$lBLL01$h0934
=CAT  \\$a6470$b40$c20080327$lBLL01$h1809
=CAT  \\$aWR16_021$c20160619$lBLL01$h1809
=FIN  \\$aY$d20080327
=LAS  \\$aWR16_021$b00$c20160619$lBLL01$h1809

