=LDR  01882 am a2200493 a 4500
=001  014773720
=003  Uk
=005  20081013090241.0
=008  081009s2008\\\\enka\\\\\b\\\\000\0\eng\\
=FMT  \\$a  BK
=015  \\$aGBA8B7896$2bnb
=016  7\$a014773720$2Uk
=020  \\$a1840575085 (spiral) :$cNo price
=040  \\$aUk$beng$cUk
=042  \\$aukblsr
=082  04$a363.7284930941$222
=245  00$aConsequences of controls on organic chemicals in sludge /$cauthor of report: B. Chambers ... [et al.].
=260  \\$aLondon :$bUK Water Industry Research,$c2008.
=300  \\$a79 p. :$bill. (some col.) ;$c30 cm. +$e1 CD-ROM.
=336  \\$atext$2rdacontent
=337  \\$aunmediated$2rdamedia
=338  \\$avolume$2rdacarrier
=490  1\$aUKWIR report ;$vno. 08/RG/07/16
=504  \\$aIncludes bibliographical references.
=650  \0$aSewage sludge$xEnvironmental aspects$zGreat Britain.
=650  \0$aSewage sludge$xLaw and legislation$zGreat Britain.
=650  \0$aOrganic compounds$xEnvironmental aspects$zGreat Britain.
=650  \0$aSoil pollution$zGreat Britain.
=700  1\$aChambers, B.,$d1950-
=710  2\$aUnited Kingdom Water Industry Research.
=830  \0$aUKWIR report ;$vno. 08/RG/07/16
=852  11$aBritish Library$bSTI$k(TB)$h363.7284930941
=852  11$aBritish Library$bSTI$k(B)363.7284930941$3Accompanying CD-ROM at (TB) 363.7284930941
=CAT  \\$a6524$b40$c20081009$lBLL01$h0856
=CAT  \\$a6524$b40$c20081009$lBLL01$h0858
=CAT  \\$a6524$b40$c20081009$lBLL01$h0902
=CAT  \\$a9671$b40$c20081013$lBLL01$h0841
=CAT  \\$a9671$b40$c20081013$lBLL01$h0857
=CAT  \\$a9671$b40$c20081013$lBLL01$h0902
=CAT  \\$aBATCH$b00$c20091217$lBLL01$h0536
=CAT  \\$aBATCH$b00$c20100103$lBLL01$h1327
=CAT  \\$aWR16_021$c20160622$lBLL01$h1810
=FIN  \\$aY$d20081013
=LAS  \\$aWR16_021$b00$c20160622$lBLL01$h1810

