=LDR  02007pam a2200565 a 4500
=001  014822655
=003  Uk
=005  20090630112347.0
=008  081111s2009\\\\enkah\\\\b\\\\001\0\eng\d
=FMT  \\$a  BK
=015  \\$aGBA8D2342$2bnb
=016  7\$a014822655$2Uk
=020  \\$a9781905615407 (pbk.) :$c£12.99
=020  \\$a190561540X (pbk.) :$c£12.99
=035  \\$a(UkOxU)UkOxUb16945223
=040  \\$aStDuBDS$beng$cStDuBDS$dUkOxU$dUk
=042  \\$aukscp
=082  04$a304.841$222
=100  10$aKershaw, Roger,$d1965-
=245  10$aMigration records :$ba guide for family historians /$cRoger Kershaw.
=260  \\$aKew :$bNational Archives,$c2009.
=300  \\$a160 p. :$bill., facsimiles ;$c25 cm.
=336  \\$atext$2rdacontent
=337  \\$aunmediated$2rdamedia
=338  \\$avolume$2rdacarrier
=504  \\$aIncludes bibliographical references and index.
=500  \\$aFormerly CIP.$5Uk
=610  20$aNational Archives (Great Britain)
=651  \0$aGreat Britain$xEmigration and immigration$xHistory$xSources.
=651  \0$aGreat Britain$xGenealogy$xArchival resources.
=650  \0$aFamily history$xSources.
=690  7\$aSocial Welfare$2blcoll
=710  2\$aNational Archives (Great Britain)
=852  11$aBritish Library$bHMNTS$kNRR$h929.3
=852  11$aBritish Library$bHMNTS$cSPHOA$kHLR$h929.341
=852  11$aBritish Library$bHMNTS$cSPHOA$kOPL$h942.0076
=CAT  \\$aBATCH-CIPE$b00$c20081118$lBLL01$h1703
=CAT  \\$aBATCH$b00$c20081118$lBLL01$h1705
=CAT  \\$aBATCH$b00$c20081118$lBLL01$h1712
=CAT  \\$a11251$b40$c20090316$lBLL01$h1533
=CAT  \\$a11251$b40$c20090316$lBLL01$h1534
=CAT  \\$a9657$b40$c20090630$lBLL01$h1123
=CAT  \\$aBATCH$b00$c20110625$lBLL01$h0541
=CAT  \\$aBATCH-SWP4$c20110627$lBLL01$h1625
=CAT  \\$aBATCH-UPD$b00$c20150612$lBLL01$h1130
=CAT  \\$aWR16_021$c20160623$lBLL01$h1805
=FIN  \\$aY$d20090630
=SRC  \\$aLDL
=SRC  \\$aNielsen Bookdata
=LAS  \\$aWR16_021$b00$c20160623$lBLL01$h1805

