=LDR  04730cas a2201033 a 4500
=001  014854054
=003  Uk
=005  20230210010745.0
=007  ta
=008  081210c20099999enkbr\p\\\\\\\0\\\a0eng\\
=FMT  \\$a  SE
=015  \\$aGBA918643$2bnb
=022  0\$a1759-829X$202
=040  \\$aUk$beng$cUk$dUk
=042  \\$aissnuk$aukblsr
=082  04$a381.142$222
=222  \0$aPayments cards & mobile$b(Print)
=245  00$aPayments cards & mobile.
=246  3\$aPayments cards and mobile
=260  \\$aBlakeney :$bPaymentsCM LLP,$c2009-
=300  \\$av. :$bcol. ill. ;$c28 cm.
=310  \\$aBi-monthly
=336  \\$atext$2rdacontent
=337  \\$aunmediated$2rdamedia
=338  \\$avolume$2rdacarrier
=362  0\$aVol. 1, no. 1 (Jan./Feb. 2009)-
=540  \\$aCurrent Copyright Fee: GBP25.00$c0$5Uk
=650  \0$aMobile commerce$vPeriodicals.
=650  \0$aCredit cards$vPeriodicals.
=650  \0$aMobile communication systems$vPeriodicals.
=690  7\$aManagement and Business Studies$2blcoll
=776  0\$tPayments cards & mobile$c(Online)$x1759-8303
=780  00$tEuropean card review$x1360-6069
=852  71$aBritish Library$bSTI$cRES$k(P)$hAL 645$m-E(2)$3Earlier issues
=852  11$aBritish Library$bSTI$cBIPC$k(P) 381.142$m-E(2) Business$3January/February (2009)-***Last 2 years
=945  \\$aPayments cards and mobile
=979  \\$aBritish Library$bDSC$j6413.109885N$xDSC Not Selected
=CAT  \\$a6537$b40$c20081210$lBLL01$h1344
=CAT  \\$aIPL-CLA$c20110930$lBLL01$h1553
=CAT  \\$aBATCH-CLA$b00$c20111130$lBLL01$h1202
=CAT  \\$aIPL-CLA$c20111230$lBLL01$h2032
=CAT  \\$aBATCH-CLA$b00$c20120229$lBLL01$h1613
=CAT  \\$aIPL-CLA$c20120330$lBLL01$h1440
=CAT  \\$aBATCH-CLA$b00$c20120531$lBLL01$h1703
=CAT  \\$aIPL-CLA$c20120629$lBLL01$h1039
=CAT  \\$aBATCH-CLA$b00$c20120831$lBLL01$h1540
=CAT  \\$aIPL-CLA$c20120930$lBLL01$h2132
=CAT  \\$aBATCH-CLA$b00$c20121109$lBLL01$h1722
=CAT  \\$aBATCH-CLA$b00$c20131129$lBLL01$h1649
=CAT  \\$aIPL-CLA$c20140101$lBLL01$h0103
=CAT  \\$aWR14_140$c20140905$lBLL01$h1821
=CAT  \\$aBATCH-CLA$b00$c20161130$lBLL01$h1645
=CAT  \\$aIPL-CLA$c20161230$lBLL01$h2315
=CAT  \\$aBATCH-CLA$b00$c20171130$lBLL01$h1658
=CAT  \\$aIPL-CLA$c20171231$lBLL01$h1739
=CAT  \\$aBATCH-CLA$b00$c20191129$lBLL01$h1618
=CAT  \\$aIPL-CLA$c20191231$lBLL01$h2008
=CAT  \\$aBATCH-CLA$b00$c20201126$lBLL01$h1414
=CAT  \\$aIPL-CLA$c20201231$lBLL01$h2259
=CAT  \\$aBATCH-CLA$b00$c20221130$lBLL01$h1435
=CAT  \\$aIPL-CLA$c20221231$lBLL01$h2224
=CAT  \\$aBATCH-CLA$b00$c20230209$lBLL01$h1523
=CAT  \\$aIPL-CLA$c20230210$lBLL01$h0107
=CFI  0\$aCurrent Copyright Fee: GBP25.00$c0$e09-feb-2023$fGBP25.00$g0$hC$5Uk
=CFI  2\$aBritish Library not licensed to copy$c0$e01-jan-2023$hC$iCFP Excluded$5Uk
=FIN  \\$aY$d20090218
=LET  \0$aPayments cards & mobile (Print)
=LKR  \\$aPAR$b007242361$lBLL01$nEuropean card review$mPayments cards & mobile$r78000
=TCO  \\$aCLA$bCLA$c008
=ACF  \\$aPrevious Copyright Fee: GBP12.00$c0$e01-apr-2012$fGBP12.00$g0$hC$5Uk
=ACF  \\$aPrevious Copyright Fee: GBP12.00$c0$e01-jan-2012$fGBP12.00$g0$hC$5Uk
=ACF  \\$aPrevious Copyright Fee: GBP10.50$c0$e01-oct-2011$fGBP10.50$g0$hC$5Uk
=ACF  \\$aPrevious Copyright Fee: GBP10.50$c0$e01-jul-2011$fGBP10.50$g0$hC$5Uk
=ACF  \\$aPrevious Copyright Fee: GBP10.50$c0$e01-apr-2011$fGBP10.50$g0$hC$5Uk
=ACF  \\$aPrevious Copyright Fee: GBP10.50$c0$e01-jan-2011$fGBP10.50$g0$hC$5Uk
=ACF  \\$aPrevious Copyright Fee: GBP9.00$c0$e01-oct-2010$fGBP9.00$g0$hC$5Uk
=ACF  \\$aPrevious Copyright Fee: GBP9.00$c0$e01-jul-2010$fGBP9.00$g0$hC$5Uk
=ACF  \\$aPrevious Copyright Fee: GBP9.00$c0$e01-apr-2010$fGBP9.00$g0$hC$5Uk
=ACF  \\$aPrevious Copyright Fee: GBP9.00$c0$e01-Jan-2010$fGBP9.00$g0$hC$5Uk
=ACF  \\$aPrevious Copyright Fee: GBP6.00$c0$e01-oct-2009$fGBP6.00$g0$hC$5Uk
=ACF  \\$aPrevious Copyright Fee: GBP6.00$c0$e01-jul-2009$fGBP6.00$g0$hC$5Uk
=ACF  \\$aPrevious Copyright Fee: GBP12.00$c0$e01-jul-2012$fGBP12.00$g0$hC$5Uk
=ACF  \\$aPrevious Copyright Fee: GBP12.00$c0$e01-oct-2012$fGBP12.00$g0$hC$5Uk
=ACF  \\$aPrevious Copyright Fee: GBP12.30$c0$e01-jan-2014$fGBP12.30$g0$hC$5Uk
=ACF  \\$aPrevious Copyright Fee: GBP15.00$c0$e01-jan-2017$fGBP15.00$g0$hC$5Uk
=ACF  \\$aPrevious Copyright Fee: GBP17.50$c0$e01-jan-2018$fGBP17.50$g0$hC$5Uk
=ACF  \\$aPrevious Copyright Fee: GBP20.00$c0$e01-jan-2020$fGBP20.00$g0$hC$5Uk
=ACF  \\$aPrevious Copyright Fee: GBP22.50$c0$e01-jan-2021$fGBP22.50$g0$hC$5Uk
=LAS  \\$aIPL-CLA$b00$c20230210$lBLL01$h0107

