=LDR  03169cam a2200589 i 4500
=001  020792969
=003  Uk
=005  20230912111204.0
=008  220520s2023\\\\njuab\\\\b\\\|0|1\0|eng\\
=FMT  \\$a  BK
=010  \\$a2022022552
=015  \\$aGBC2J7687$2bnb
=016  7\$a020792969$2Uk
=020  \\$a9789811259104$qcased$c£110.00
=020  \\$z9789811259111$qeBook
=020  \\$z9789811259128$qeBook other
=024  7\$a10.1142/9789811259111$2doi
=040  \\$aStDuBDS$beng$cStDuBDS$dUk$erda
=042  \\$aukblsr
=050  00$aGC1085$b.P53 2023
=082  00$a363.7394$223
=245  00$aPlastic pollution in the global ocean /$ceditor, Alice A. Horton, National Oceanography Center, UK.
=264  \1$aNew Jersey :$bWorld Scientific,$c[2023]
=300  \\$aviii, 401 pages :$billustrations (black and white, and colour), maps (black and white, and colour) ;$c24 cm.
=336  \\$atext$2rdacontent
=336  \\$astill image$2rdacontent
=337  \\$aunmediated$2rdamedia
=338  \\$avolume$2rdacarrier
=490  0\$aTrends in aquatic systems ;$vVolume 1
=504  \\$aIncludes bibliographical references and index.
=520  \\$a"Plastic pollution is a growing environmental problem that is attracting increasing interest across society, from academics to the general public. A significant factor in the wide public interest in plastics is its visibility; present throughout urban and rural environments, washing up on beaches and even visible from space. However, 'invisible' microplastics and nanoplastics are also an issue. With growing plastic production and usage, plastic waste within the environment will continue to increase. This increased input along with its persistence leads to accumulation and increasing ecosystem exposure, with as-yet unknown consequences. This book brings together a collection of chapters written by world-leading experts in environmental plastic pollution inputs, fate, effects and solutions. It provides an accessible overview of the current scientific understanding, future implications and key considerations for the management and mitigation of plastic waste within the world's oceans"--$cProvided by publisher.
=500  \\$aFormerly CIP.$5Uk
=530  \\$aAlso issued online.
=650  \0$aMarine pollution.
=650  \0$aPlastics$xEnvironmental aspects.
=650  \0$aMarine resources conservation.
=650  \0$aPlastic marine debris.
=650  \7$aMarine pollution.$2fast$0(OCoLC)fst01009826
=650  \7$aMarine resources conservation.$2fast$0(OCoLC)fst01009907
=650  \7$aPlastic marine debris.$2fast$0(OCoLC)fst01066494
=650  \7$aPlastics$xEnvironmental aspects.$2fast$0(OCoLC)fst01066573
=700  1\$aHorton, Alice A.,$d1988-$eeditor.
=852  11$aBritish Library$bSTI$k(B)$h363.7394
=852  11$aBritish Library$bHMNTS$k(B)$h363.7394
=CAT  \\$aBATCH-CIPN$b00$c20221101$lBLL01$h1701
=CAT  \\$a10904$b40$c20230829$lBLL01$h1204
=CAT  \\$a10904$b40$c20230829$lBLL01$h1205
=CAT  \\$a7000$b40$c20230912$lBLL01$h1109
=CAT  \\$a7000$b40$c20230912$lBLL01$h1112
=FIN  \\$aY$d20230829
=SRC  \\$aBLL02
=LAS  \\$a7000$b40$c20230912$lBLL01$h1112

